2836 4814
685 297 725 358 26

226 482 336 546 Annal.
361 483 446 559 XIV,
468 482 570 561 XXII,
589 487 616 546 2.
640 482 763 564 „Igitur
785 484 874 565 quasi
899 484 961 545 iarn
985 481 1116 565 depulso
1138 479 1274 554 Nerone,

138 584 283 667 quisnam
306 584 497 666 deligeretur
519 584 761 667 anquirebant“.

221 688 311 765 Vaga
333 685 435 752 solum
458 694 491 750 et
519 685 601 751 falsa
629 686 720 751 stulti
743 687 828 768 vulgi
858 687 964 770 opinio
986 692 1068 764 erat,
1106 705 1179 749 nam
1202 686 1277 764 post

138 795 263 874 tempus
294 811 356 874 quo
388 789 476 854 sidus
507 795 644 854 cometes
666 788 829 854 effulserat
858 788 1045 872 perdecem
1069 785 1277 851 annosNero

138 892 292 975 regnavit.
1072 891 1075 896 ’

224 1023 337 1087 Annal.
362 1023 446 1099 XIV,
470 1022 537 1098 XV,
561 1026 609 1085 21.
633 1021 680 1100 „Ii
704 1021 771 1085 dies
793 1042 831 1086 ac
853 1028 962 1086 noctes
983 1021 1147 1104 plausibus
1168 1039 1276 1104 perso-

138 1146 214 1190 nare
235 1125 370 1190 formam
393 1125 546 1208 principis
569 1144 739 1206 vocemque
760 1123 854 1188 deum
877 1123 1038 1189 vocabulis
1060 1122 1277 1208 appellantes3

138 1228 228 1311 quasi
251 1249 307 1311 per
330 1229 478 1292 virtutem
500 1226 579 1290 clari
602 1225 810 1309 honoratique
832 1233 953 1308 ageret

223 1329 306 1393 Nam·
326 1350 408 1413 quae
430 1350 448 1393 a
471 1329 584 1393 ceteris
613 1328 795 1393 foedissima
818 1329 960 1392 adulatio
991 1333 1023 1392 et
1049 1327 1162 1392 servile
1185 1326 1277 1391 obse-

138 1431 248 1514 quium
271 1431 457 1509 vocabatur,
496 1452 514 1495 a
538 1431 662 1495 Nerone
689 1431 757 1496 loco
782 1431 909 1496 virtutis
939 1430 1132 1508 habebatur,
1169 1429 1216 1493 ita
1238 1434 1278 1494 ut

138 1534 325 1617 Augustiani
348 1535 443 1599 variis
476 1536 613 1618 acceptis
644 1533 794 1618 praemiis
827 1533 904 1597 olari
934 1533 1146 1616 honoratique
1176 1533 1277 1598 vitam

138 1639 298 1719 degerent.

224 1765 339 1831 Annal.
362 1766 447 1845 XIV,
469 1766 585 1844 XXXI,
612 1771 659 1829 17.
695 1766 763 1844 „Ad
787 1765 847 1830 hoc
868 1764 1022 1849 templum
1044 1765 1116 1830 divo
1140 1765 1277 1842 Claudio

137 1870 343 1936 constitutum
368 1869 459 1950 quasi
482 1889 541 1932 arx
563 1877 713 1933 aeternae
736 1869 962 1932 dominationis
985 1868 1229 1952 aspiciebatur“.

222 1973 315 2037 Falso
338 1970 492 2053 templum
517 1976 553 2034 ut
575 1991 681 2035 arcem
697 1977 847 2062 aeternae
862 1970 1088 2035 dominationis
1111 1977 1275 2054 aspectum

138 2096 206 2140 esse
227 2074 323 2138 verba
346 2074 474 2150 docent,
497 2094 578 2155 quae
600 2074 733 2155 legimus
755 2094 824 2158 cap.
848 2074 989 2138 XXXII:
1029 2074 1218 2159 „templum,
1240 2075 1274 2138 in

138 2199 201 2264 quo
222 2199 256 2242 se
278 2176 369 2241 miles
384 2176 641 2258 conglobaverat,
663 2175 759 2241 biduo
776 2175 937 2240 obsessum
960 2180 1273 2260 expugnatamque“.

225 2305 337 2370 Annal.
360 2305 445 2384 XIV,
467 2304 564 2382 LXII,
582 2309 611 2369 8.
634 2305 737 2385 „Quia
759 2306 916 2370 malorum
938 2305 1112 2371 facinorum
1137 2306 1272 2372 ministri

138 2409 228 2494 quasi
251 2409 478 2492 exprobrantes
501 2407 727 2491 aspiciuntur.“

223 2512 292 2576 Non
316 2531 412 2576 ausus
440 2519 487 2575 est
517 2511 651 2595 scriptor
680 2511 867 2576 adseverare
889 2511 1055 2575 veritatem
1087 2513 1181 2582 huius
1203 2535 1274 2579 sen-

137 2614 257 2679 tentiae
279 2615 469 2692 communis,
505 2615 551 2678 ita
575 2620 611 2677 ut
633 2613 765 2691 diceret,
803 2614 959 2679 malorum
982 2614 1158 2682 facinorum
1181 2620 1276 2685 mini-

137 2723 221 2782 stros
242 2717 470 2800 exprobrantes
505 2737 588 2796 esse,
625 2717 679 2780 sed
703 2717 884 2800 saepissime
913 2716 946 2781 in
970 2719 1015 2781 eis
1038 2721 1114 2784 oriri
1136 2722 1274 2805 speciem

136 2820 265 2898 falsam,
288 2840 352 2902 qua
366 2819 594 2905 exprobrantes
610 2819 792 2899 rideantur,
815 2820 992 2886 adiectione
1008 2823 1184 2904 particulae
1200 2846 1274 2890 con-

136 2921 284 2988 firmavit.

223 3025 334 3090 Annal.
356 3024 422 3105 XV,
448 3025 533 3104 VIII,
560 3029 606 3088 10.
642 3024 802 3103 „Reduxit
828 3026 1001 3090 exercitum
1031 3031 1272 3114 composuitque

136 3128 177 3193 ad
201 3128 370 3193 Caesarem
394 3127 517 3193 litteras
541 3127 633 3212 quasi
656 3127 799 3192 confecto
828 3127 927 3207 belle,
965 3129 1067 3194 verbis
1095 3131 1272 3213 magnificis

136 3252 240 3297 rerum
263 3237 410 3294 vaouas“.

221 3333 366 3398 Profecto
399 3331 516 3397 bellum
550 3331 727 3396 confectum
760 3353 824 3395 non
858 3338 943 3410 erat,
980 3338 1017 3397 ut
1044 3355 1084 3398 ex
1104 3337 1272 3421 capitibus,

137 3457 219 3520 quae
238 3440 435 3518 sequuntur,
469 3434 670 3516 intelligitur,
702 3455 772 3498 oum
795 3436 893 3500 etiam
916 3436 949 3500 in
973 3457 1040 3520 cap.
1065 3438 1173 3504 XVIII
1196 3442 1272 3505 scri-

136 3546 209 3625 ptor
231 3539 270 3602 de
293 3538 435 3620 „integro
458 3538 562 3601 adhuc
585 3536 696 3615 bello“,
720 3537 877 3619 loquatur.

223 3669 337 3734 Annal.
361 3669 429 3745 XV,
451 3667 611 3745 XXXXV,
637 3671 685 3732 13.
718 3666 914 3744 „Ferebatur
936 3668 1070 3745 Seneca,
1100 3690 1162 3751 quo
1191 3672 1270 3734 invi·

137 3774 222 3839 diam
245 3771 442 3855 sacrilegiia
471 3776 569 3834 semet
599 3774 772 3849 averteret,
809 3770 973 3854 longinqui
1002 3773 1084 3834 ruris
1114 3793 1271 3838 secessum

137 3876 292 3953 oravisse,
330 3882 362 3938 et
394 3881 563 3957 postquam
596 3895 659 3938 non
691 3873 935 3951 concedebatur,
973 3873 1048 3937 ficta
1080 3874 1271 3956 valetudine,

138 3978 230 4063 quasi
252 3998 346 4061 aeger
369 3976 489 4053 nervia,
512 3974 690 4040 cubiculum
712 3997 775 4041 non
798 3983 970 4058 egressus“.

222 4080 357 4156 Seneca,
379 4085 466 4142 metu
488 4079 658 4159 adductae,
681 4100 721 4158 ne
743 4084 908 4162 cogeretur
931 4077 1089 4161 sacrilegii
1112 4082 1272 4165 particeps

138 4181 221 4262 fieri,
243 4181 388 4249 morbum
409 4179 517 4258 finxit,
540 4201 603 4262 quo
624 4201 659 4244 re
682 4201 756 4245 vera
778 4203 840 4246 non
864 4180 1046 4246 vexabatur.

223 4285 336 4349 Annal.
358 4285 425 4363 XV,
450 4284 483 4362 L,
510 4287 557 4348 16.
592 4284 712 4363 „Quem
735 4321 775 4330 —
800 4323 837 4332 —
868 4283 1087 4368 fatigabatque
1121 4286 1271 4351 crimina-
