2836 4814
799 319 839 379 20

249 505 353 580 batur,
388 505 503 588 quibus
528 503 658 568 Tacitus
679 508 716 567 ut
738 502 930 567 adiumentis
952 505 985 565 et
1005 501 1239 576 instrumentis,
1272 496 1390 581 quibus

250 608 392 691 apertius
414 608 534 673 diceret
556 613 587 673 et
609 612 685 671 aute
708 605 814 670 oculos
836 608 982 688 poneret,
1020 623 1103 686 quae
1124 601 1297 684 legentium
1319 599 1390 662 ani-

250 710 311 774 mis
332 710 473 793 imprimi
488 709 603 787 voluit,
626 730 702 773 usus
724 713 781 773 est.
827 707 890 771 Sed
912 727 983 770 cum
1006 705 1124 770 talibus
1145 704 1268 769 artibus
1290 701 1391 765 ratio-

250 832 306 875 nes
328 813 601 895 cogitationesque
624 831 698 876 suas
721 810 871 875 clariores
894 815 936 888 et,
957 815 994 872 ut
1017 808 1062 871 ita
1085 807 1203 882 dicam,
1226 803 1390 889 plasticio·

250 932 300 978 res
322 921 508 997 exponeret,
533 914 602 999 ipse
624 914 705 979 bene
725 911 896 990 intellexit,
920 909 1036 974 similia
1059 916 1092 974 et
1113 910 1280 991 imagines,
1304 925 1390 989 quae

250 1015 433 1081 adhibuerit
453 1017 494 1082 ad
517 1017 788 1100 comparationem
815 1013 1011 1078 efficiendam
1040 1033 1103 1076 non
1127 1012 1211 1076 omni
1234 1031 1273 1074 cx
1295 1014 1389 1093 parte

250 1137 424 1201 congruere
446 1140 519 1185 oum
541 1119 649 1199 rebus,
680 1117 729 1183 vel
749 1116 906 1201 personis,
936 1114 1046 1200 quales
1067 1137 1101 1179 re
1123 1135 1199 1178 vera
1220 1118 1307 1188 eunt,
1333 1132 1390 1174 ne-

251 1240 326 1304 que,
363 1220 452 1286 nulla
474 1243 544 1288 oum
567 1241 678 1286 sensus
700 1218 948 1284 commutatione
970 1239 1027 1302 pro
1049 1218 1095 1282 eis
1116 1214 1166 1281 vel
1187 1217 1220 1280 in
1243 1216 1312 1279 loco
1333 1234 1391 1278 ea-

251 1344 321 1388 rum
344 1323 493 1390 collocari
515 1331 548 1389 et
576 1322 801 1407 comprehendi
823 1341 920 1404 posse.
968 1321 1037 1399 Qua
1058 1319 1097 1384 de
1127 1340 1176 1397 re,
1215 1325 1252 1382 ut
1280 1317 1388 1401 prohi-

250 1425 340 1504 beat,
363 1427 532 1510 quominus
553 1447 619 1490 rem
643 1426 744 1509 ipsam
767 1424 813 1488 rei
835 1422 936 1500 illius,
959 1442 1041 1506 quae
1058 1423 1099 1486 ad
1116 1421 1389 1505 comparationem

250 1534 376 1592 tantum
400 1529 498 1594 servit
518 1530 738 1611 rationemque
761 1526 952 1609 apertiorem
973 1523 1094 1604 reddit,
1128 1547 1166 1590 ex
1188 1524 1274 1588 omni
1295 1529 1390 1605 parte

250 1651 360 1714 parem
384 1652 451 1696 esse
472 1636 634 1716 putemus,
657 1628 780 1695 addidit
801 1628 992 1712 particulam
1016 1630 1157 1711 „quasi“,
1191 1648 1255 1712 qua
1275 1626 1389 1709 imagi-

250 1754 307 1798 nes
335 1738 368 1798 et
399 1734 514 1798 similia
549 1733 650 1797 leniat
680 1752 781 1814 eaque
812 1732 906 1796 certis
938 1730 1039 1795 solum
1073 1731 1132 1796 sub
1154 1727 1390 1795 conditionibus

249 1841 339 1900 recta
361 1836 508 1901 habenda
530 1855 613 1914 esse,
649 1835 783 1910 indicet,
819 1855 912 1916 quem
935 1835 975 1897 ad
998 1833 1094 1898 finem
1115 1839 1243 1918 praeter
1265 1836 1389 1896 ceteras

250 1938 425 2023 particulas
447 1938 695 2021 comparativae,
719 1956 810 2000 voces
831 1957 973 2020 quoque,
1011 1944 1067 2018 „ut
1089 1938 1135 2001 ita
1157 1936 1292 2015 dicam“,
1333 1941 1390 2014 „ut

250 2041 296 2105 sic
318 2040 452 2120 dicam“,
483 2046 539 2120 ,ut
560 2040 606 2104 ita
628 2039 793 2118 dixerim“,
823 2040 870 2119 „si
891 2038 995 2104 dicere
1017 2041 1122 2119 licet“,
1155 2047 1188 2104 et
1210 2059 1291 2123 quae
1313 2044 1389 2103 sunt

249 2142 381 2223 similia,
417 2143 556 2208 sermoni
589 2143 845 2224 interponuntur.
890 2142 951 2207 Hie
979 2143 1078 2226 igitur
1108 2163 1183 2207 usus
1217 2163 1288 2206 cum
1320 2140 1387 2220 illo,

250 2245 355 2329 qualis
376 2245 454 2310 loeis
475 2250 596 2324 exstat,
630 2243 744 2327 quibus
767 2265 824 2326 per
844 2245 1036 2328 particulam
1059 2245 1142 2312 falsa
1164 2245 1283 2328 species
1302 2241 1387 2306 indi-

250 2353 342 2412 catur
365 2350 458 2430 (quos
479 2347 521 2412 ad
543 2346 630 2412 locos
651 2368 736 2411 nunc
760 2346 1048 2432 transgrediamur)
1065 2350 1212 2414 convenit
1234 2366 1279 2423 eo,
1300 2344 1385 2427 quod

250 2452 284 2515 in
307 2455 442 2533 utroque
464 2470 580 2533 genere
602 2449 705 2514 simile
720 2450 880 2533 quoddam
902 2471 960 2534 per
980 2451 1173 2534 particulam
1195 2451 1323 2516 additur
1346 2446 1388 2512 ab

251 2555 321 2637 ipsa
349 2573 455 2617 rerum
485 2552 534 2618 vel
562 2573 770 2637 personarum
797 2553 931 2617 veritate
953 2554 1121 2619 diversum.
1168 2552 1391 2637 Discrepantia

252 2676 327 2720 vero
349 2657 382 2719 in
405 2677 443 2720 eo
465 2655 570 2739 posita
591 2661 655 2734 est,
677 2655 763 2738 quod
785 2656 818 2719 in
840 2655 1007 2740 exemplis,
1031 2677 1112 2740 quae
1134 2664 1244 2742 postea
1265 2655 1388 2720 adfere-

233 2778 324 2839 mus
346 2758 429 2822 falsa
450 2759 580 2824 omnino
602 2756 723 2841 species
745 2778 875 2841 prorsus
896 2759 1066 2824 averitate
1088 2760 1192 2825 aliena
1212 2756 1388 2844 particulae

253 2859 284 2924 vi
305 2857 456 2937 efficitur,
485 2859 519 2924 in
541 2859 607 2924 illis
629 2867 752 2938 autern,
783 2879 866 2942 quae
886 2861 950 2924 iam
972 2862 1176 2944 protulimus,
1199 2880 1262 2927 non
1285 2859 1391 2923 omnis

253 2966 389 3044 negatur
404 2962 521 3027 veritas
542 2961 597 3027 sed
621 2962 797 3039 iudicatur,
822 2983 874 3042 ea,
897 2984 979 3047 quae
1000 2985 1058 3048 per
1078 2964 1268 3049 particulam
1289 2964 1392 3029 intro·

253 3064 351 3129 ducta
373 3065 452 3143 sint,
475 3065 569 3130 certis
590 3065 708 3130 habitis
730 3065 908 3135 rationibus
922 3068 1078 3151 certisque
1093 3069 1297 3134 circumdatis
1319 3064 1391 3128 fini-

254 3167 313 3233 bus
334 3186 411 3232 vera
442 3186 520 3230 esee.
565 3167 655 3245 Quod
687 3156 855 3234 discrimen
887 3170 1056 3235 vernaculo
1085 3191 1211 3255 quoque
1246 3186 1391 3233 sermone

254 3271 425 3336 statuimus
453 3276 486 3335 et
515 3290 692 3347 servamus,
728 3273 755 3335 si
782 3273 920 3356 primum
949 3271 1190 3354 significationis
1211 3291 1310 3354 genus
1332 3290 1392 3353 per

257 3373 324 3451 ,als
346 3373 417 3451 ob‘,
453 3372 627 3437 secundum
654 3394 712 3457 per
736 3379 836 3454 „etvva
858 3375 946 3455 vie“,
982 3394 1075 3456 ,man
1104 3375 1231 3440 mlichte
1261 3378 1391 3456 sagen“,

254 3496 374 3559 perque
397 3474 513 3540 similes
535 3474 698 3540 reddimus
720 3477 882 3543 formulas.
906 3519 947 3529 -
970 3478 1110 3558 Ernesti,
1134 3476 1246 3555 Orelli,
1270 3476 1392 3541 Ddder·

255 3578 333 3658 lein,
358 3577 502 3657 Diibner,
525 3578 579 3662 qui
601 3578 717 3644 Annal.
731 3580 815 3658 XIV,
828 3580 900 3661 LII,
923 3588 1032 3646 nostra
1053 3603 1092 3646 ex
1114 3583 1272 3646 sententia
1294 3599 1392 3662 „qua-

256 3681 302 3746 si‘
325 3681 407 3747 falso
435 3682 475 3748 ad
506 3680 604 3746 solam
626 3703 733 3747 vocem
757 3682 969 3767 „principem“
1000 3684 1180 3750 retulerunt
1201 3689 1298 3766 atque
1319 3700 1392 3764 par-

256 3783 387 3849 ticulam
410 3785 650 3869 explicaverunt
671 3806 728 3869 per
752 3791 900 3871 „prope“,
925 3787 1205 3871 „propemodum“,
1225 3785 1275 3849 vel
1299 3803 1393 3874 ,pae-

257 3892 328 3963 ne“,
350 3887 474 3951 nullum
490 3887 682 3953 addiderunt
704 3889 807 3955 locum
823 3910 862 3954 ex
877 3890 978 3955 Taciti
1001 3891 1127 3974 scriptis
1147 3891 1306 3966 haustum,
1329 3906 1393 3970 quo

258 3989 340 4053 hanc
371 3990 561 4054 seutentiam
594 3991 835 4057 confirmarent:
872 3996 1022 4058 Attamen
1056 4016 1120 4059 non
1152 3996 1282 4072 desunt,
1317 4010 1392 4053 nam

259 4092 373 4156 Annal.
398 4093 422 4170 I,
444 4091 590 4170 LXVIII,
613 4097 647 4172 83
671 4095 729 4174 Ill,
753 4095 930 4177 XXXXVI,
955 4101 1007 4176 16;
1031 4097 1104 4175 XII,
1128 4097 1199 4175 VII,
1225 4100 1280 4176 113
1303 4093 1393 4173 XIII,

258 4195 345 4273 XXI,
370 4200 421 4274 143
460 4194 549 4276 Xlll,
572 4194 701 4276 XXXV,
725 4203 742 4261 6
772 4200 903 4283 optime,
940 4199 1001 4265 hac
1029 4201 1207 4282 particulae
1237 4197 1394 4282 signitica-

256 4298 343 4362 tione
375 4303 507 4381 accepta
538 4304 571 4363 et
604 4299 749 4364 adhibita
775 4300 928 4384 explicari
960 4323 1052 4384 posse
1081 4304 1238 4370 videntur.
1283 4300 1395 4382 Neque
