2836 4814
645 302 685 364 57

182 484 296 548 Annal.
318 485 403 566 XIV,
423 484 522 566 LXII,
547 486 595 550 17.
617 487 695 566 „llle
717 488 812 552 insita
835 488 1001 554 vaecordia
1022 495 1055 554 et
1074 488 1229 554 facilitate

95 585 235 667 priorum
257 585 463 668 flagitiorum,
492 588 584 673 plura
606 591 701 655 etiam
724 611 819 673 quam
840 590 959 655 iussum
981 595 1051 656 erat
1070 591 1163 674 fingit
1182 591 1229 656 ia·

95 690 242 769 teturque
269 688 355 772 apud
384 690 515 772 amicos,
552 712 630 774 quos
659 692 745 756 velut
774 693 901 760 consilio
926 693 1116 759 adhibuerat
1143 694 1229 778 prin-

95 793 197 870 ceps“.
240 791 315 867 „hls
337 791 429 856 einen
451 793 544 858 rath“
566 817 638 861 cum
659 796 762 860 ironia
776 796 896 862 dictum
918 800 981 874 est,
1002 816 1074 860 cnm
1096 815 1229 862 revera

95 890 217 954 occulte
239 894 345 957 omnia
366 895 540 962 constituta
560 904 593 975 et
615 899 771 964 communi
794 898 906 964 fraude
927 903 1057 982 peracta
1078 904 1192 965 essent.

180 1021 294 1086 Annal.
318 1022 385 1102 XV,
406 1023 537 1102 XXXX,
553 1029 582 1090 3.
606 1025 722 1104 „Sexto
743 1025 870 1091 demum
893 1025 944 1091 die
966 1025 1051 1110 apud
1072 1025 1152 1091 imas
1172 1027 1229 1093 Er·

95 1121 211 1204 quilias
239 1121 312 1187 finis
341 1123 486 1190 incendio
515 1127 631 1207 factus,
667 1129 807 1212 prorutis
828 1149 884 1214 per
912 1128 1100 1194 immensum
1121 1129 1228 1195 aedifi-

95 1223 166 1304 ciis,
202 1231 238 1289 ut
259 1227 428 1298 continuae
453 1229 619 1294 violentiae
640 1251 770 1316 campus
791 1236 823 1296 et
845 1230 930 1296 velut
950 1252 1083 1298 vacuum
1106 1231 1228 1298 caelum

95 1333 303 1393 occurreret“.
923 1373 926 1383 ·

179 1429 226 1494 Re
247 1450 323 1495 vera
343 1432 466 1497 caelum
487 1453 621 1499 vacuum
642 1455 706 1499 non
728 1439 806 1499 erat.
851 1435 899 1501 cf.
922 1435 1091 1521 Nipperd.:
1133 1435 1138 1445 “

178 1533 241 1612 „Es
262 1553 327 1596 war
346 1533 436 1599 nicht
458 1533 598 1602 wirhlich
621 1535 699 1616 leer,
729 1537 799 1602 vveil
819 1537 901 1603 nach
924 1537 996 1604 dem
1015 1538 1115 1603 freien
1136 1558 1228 1604 raum

96 1633 177 1699 doch
198 1635 279 1701 noch
303 1635 417 1700 wieder
439 1635 552 1702 hiuser
573 1637 718 1705 hamen“.

179 1767 367 1850 Priusquam
388 1766 429 1832 ad
451 1766 523 1832 illos
544 1773 742 1833 transeamus
763 1768 862 1849 locos,
884 1767 998 1850 quibus
1019 1767 1134 1835 tertiae
1156 1788 1228 1853 par-

96 1868 212 1933 ticulae
234 1867 471 1961 significationis
485 1891 584 1954 genus
597 1871 786 1948 continetur,
798 1890 847 1945 ,ea
862 1869 1009 1936 addenda
1030 1876 1104 1935 sunt
1125 1890 1229 1936 exem·

94 1972 164 2056 pla,
201 1971 315 2054 quibus
336 1970 462 2048 „velut“
485 1993 556 2037 cum
579 1972 673 2039 verbo
694 1972 785 2038 finito
809 1972 1011 2038 coniunctum
1034 1971 1228 2038 coniunctio·

94 2075 144 2140 nis
166 2081 274 2159 partes
296 2062 444 2157 suscepit.
489 2073 605 2140 Omnes
626 2075 710 2141 enim
737 2075 799 2141 loci
820 2080 948 2159 praeter
970 2096 1082 2155 unum,
1119 2074 1161 2140 ad
1182 2095 1229 2140 se·

94 2177 231 2242 cundum
261 2175 475 2258 exemplorum
505 2170 662 2256 ordinem,
699 2177 873 2262 dequibus
902 2178 966 2241 iam
997 2176 1229 2262 disputavimus

94 2277 250 2343 referendi
279 2283 362 2342 sunt.
407 2277 537 2362 Semper
567 2299 586 2344 a
614 2279 771 2363 particula
794 2279 1019 2345 Coniunctivus
1047 2278 1230 2364 Imperfecti

95 2381 221 2464 pendet.
258 2379 495 2463 comparationi
511 2381 669 2464 particula
683 2402 838 2464 nusquam
861 2381 965 2450 servit.
1008 2381 1084 2447 Loci
1105 2382 1160 2466 qui
1182 2400 1229 2446 se·

96 2487 251 2566 quuntur,
274 2481 358 2566 apud
380 2480 478 2547 Tacit.
502 2487 688 2548 occurrunt:

181 2613 284 2695 Agric.
306 2612 434 2692 XXXV,
460 2617 507 2678 10.
536 2612 783 2692 „Britannorum
810 2613 895 2678 acies
921 2613 955 2677 in
977 2612 1113 2695 speciem
1134 2613 1230 2679 simul

96 2736 134 2780 ac
156 2720 310 2780 terrorem
331 2714 517 2780 editioribus
538 2714 598 2781 loci
614 2715 801 2781 constiterat
821 2715 884 2795 ita,
908 2720 944 2781 nt
958 2715 1093 2798 primum
1116 2735 1230 2798 agmen

96 2819 130 2884 in
152 2839 269 2903 aequo,
290 2819 386 2883 ceteri
409 2838 466 2902 per
487 2817 607 2884 adclive
630 2819 737 2901 iugum
758 2816 870 2882 conexi
891 2817 978 2882 velut
999 2817 1229 2901 insurgerent“.

182 2950 295 3014 Annal.
306 2950 364 3028 Ill,
381 2949 480 3026 LXII,
492 2953 521 3014 5.
543 2949 602 3029 „In
618 2948 679 3013 hac
693 2947 847 3013 relatione
861 2947 1006 3013 subtrahi
1023 2948 1131 3016 oculos
1144 2971 1231 3016 meos

97 3052 211 3119 melius
233 3051 306 3128 fuit,
329 3072 368 3116 ne
389 3050 613 3117 denotantibus
635 3051 723 3116 vobis
744 3071 801 3116 ora
822 3071 861 3115 ac
881 3055 1000 3115 metum
1022 3051 1228 3135 singulorum,

96 3157 151 3240 qui
173 3153 313 3239 pudendi
333 3153 427 3218 luxus
448 3159 666 3236 arguerentur,
687 3153 755 3238 ipse
776 3153 872 3218 etiam
887 3153 1026 3219 viderem
1042 3174 1096 3220 eos
1116 3173 1155 3220 ac
1176 3175 1229 3219 ve-

96 3260 145 3324 lut
166 3255 461 3342 deprehenderem“.

181 3386 293 3451 Annal.
315 3385 370 3461 XI,
393 3385 497 3465 XXll,
522 3390 571 3450 24.
602 3385 663 3464 „ut
684 3403 877 3469 quamquam
900 3384 1021 3468 equites
1043 3383 1160 3450 iudicia
1181 3406 1230 3451 re·

97 3489 337 3575 ciperavissent,
359 3493 531 3571 quaestura
551 3492 659 3553 tamen
682 3508 720 3553 ex
736 3487 890 3570 dignitate
910 3485 1152 3552 candidatorum
1174 3494 1231 3554 aut

96 3591 250 3658 facilitate
273 3588 479 3655 tribuentium
508 3591 647 3672 gratuito
671 3588 916 3667 concedebatur,
946 3587 1046 3653 donec
1073 3591 1231 3657 sententia

98 3693 281 3760 Dolobellae
303 3691 389 3756 velut
410 3691 684 3757 venumdaretur“.

181 3812 275 3876 Falsa
296 3810 458 3903 speciosa
478 3811 525 3875 rei
546 3812 680 3877 veritate
702 3812 875 3878 abhorrens
897 3811 1057 3880 indicatur
1079 3833 1136 3897 per
1156 3832 1230 3896 par·

97 3914 226 3981 ticulam
250 3913 327 3978 locis
348 3912 481 3997 prolatis
503 3917 536 3978 et
557 3913 618 3995 eis,
640 3915 694 3998 qui
716 3919 908 3998 sequuntur:

182 4041 261 4105 Hist.
285 4039 327 4119 ll,
351 4039 490 4120 V111,2.
520 4039 604 4119 „Sub
634 4040 716 4105 idem
745 4046 871 4122 tempus
894 4039 1014 4106 Achaia
1034 4046 1130 4125 atque
1154 4041 1229 4107 Asia

88 4143 181 4228 falso
202 4142 389 4221 exterritae,
410 4141 496 4207 velut
517 4142 600 4207 Nero
622 4142 840 4208 adventaret“.

182 4270 262 4335 Hist.
287 4270 344 4349 ΙΙΙ,
366 4268 542 4350 LXXXIII,
568 4272 615 4334 15.
646 4268 762 4347 „Velut
790 4269 893 4383 festis⁴
906 4270 1020 4337 diebus
1049 4271 1082 4337 id
1103 4293 1228 4358 quoqne
