2836 4814
793 264 831 324 16

328 446 507 531 Numquam
530 447 613 532 apud
636 448 781 514 Tacitum
814 450 860 513 ita
882 447 1046 513 adhibitur
1067 445 1240 531 particula,
1277 449 1314 509 ut
1341 445 1376 509 in

245 549 381 616 formula
409 551 466 615 illa
496 552 669 631 rhetorica,
705 572 787 632 qnae
820 550 1023 636 reprehensio
1056 554 1204 626 vocatur,
1240 547 1377 611 ironiam

244 655 405 737 quandam
426 652 556 731 efficiat,
579 653 667 717 cuius
689 654 774 719 modi
796 654 941 738 exempla
962 652 1047 737 apud
1069 653 1238 735 scriptores
1261 668 1378 713 aureae

245 757 415 822 latinitatis
437 775 500 820 non
524 775 627 838 pauca
646 755 872 833 inveniuntur;
909 762 945 820 ut
967 754 1051 839 apud
1075 753 1217 818 Ciceron.
1239 751 1278 816 de
1301 752 1378 816 divi·

244 865 312 923 nat.
336 859 377 938 ΙΙ,
395 861 478 939 ξ81.
500 856 617 935 „Quasi
639 877 715 923 vero
736 858 911 941 quidquam
934 858 975 920 sit
996 862 1062 920 tam
1086 855 1190 935 valde,
1213 874 1310 937 quam
1332 854 1379 917 ni-

245 960 290 1026 hil
312 980 438 1043 sapere,
471 959 614 1042 vulgare,
651 966 707 1025 aut
729 962 820 1043 quasi
842 961 900 1025 tibi
922 959 983 1043 ipsi
1005 959 1038 1022 in
1058 956 1235 1040 iudicando¹
1252 955 1380 1039 placeat

244 1061 446 1140 multitudo“,
483 1066 517 1125 et
544 1060 585 1125 ad
608 1061 715 1139 Quint.
739 1063 825 1127 Frat.
850 1063 874 1142 I,
900 1068 926 1143 1,
950 1065 999 1126 87.
1030 1061 1148 1139 „Quasi
1169 1079 1244 1124 vero
1266 1078 1324 1140 ego
1346 1057 1379 1120 id

245 1170 369 1250 putem,
405 1185 469 1228 non
502 1169 534 1227 te
566 1163 766 1246 aliquantum
802 1163 921 1246 negotii
953 1163 1138 1227 sustineret
1182 1161 1240 1226 Ille
1273 1165 1379 1224 autem

245 1287 336 1345 usus,
367 1287 460 1348 quem
483 1266 516 1329 in
540 1266 621 1330 Hist.
646 1267 670 1346 I,
692 1266 793 1344 XVII,
818 1273 835 1330 5
859 1265 1077 1350 cognovimus,
1104 1270 1140 1329 ut
1162 1284 1219 1347 per
1241 1261 1380 1347 particu-

246 1369 311 1434 lam
343 1367 600 1432 introduceretur
631 1367 733 1432 simile
763 1389 833 1432 cum
866 1368 999 1433 veritate
1031 1387 1137 1431 rerum
1161 1382 1380 1448 congruensa

246 1490 390 1535 sermone
414 1469 621 1535 Ciceroniana
652 1470 775 1534 alienus
804 1491 872 1535 esse
899 1471 1041 1548 videtur,
1078 1490 1154 1532 nam
1184 1488 1266 1551 quae
1295 1465 1381 1548 apud

246 1594 318 1638 enm
341 1572 436 1636 simili
457 1572 552 1637 modo
574 1579 758 1655 comparata
779 1579 854 1636 sunt
870 1572 1031 1656 exempla,
1053 1577 1162 1636 tamen
1186 1569 1341 1634 differunt
1362 1586 1382 1630 a

246 1675 397 1760 prolatis,
434 1673 565 1738 absente
594 1674 698 1739 verbo.
751 1673 799 1740 Cf.
824 1675 889 1740 Cio.
911 1674 952 1739 ad
981 1673 1092 1741 Famil.
1116 1675 1178 1754 IX,
1203 1676 1241 1736 16
1257 1672 1304 1756 *);
1341 1668 1383 1732 de

247 1785 313 1843 nat.
336 1777 430 1843 Deor.
453 1776 482 1855 Ι,
506 1777 525 1858 t
553 1779 621 1840 102.

333 1879 446 1944 Restat
465 1883 502 1942 ut
523 1897 577 1941 eos
598 1899 684 1941 nune
705 1883 880 1943 tractemus
909 1878 1010 1958 locos,
1043 1878 1157 1963 quibus
1180 1898 1200 1941 a
1220 1873 1384 1960 particula

247 1982 370 2048 nullum
393 1981 511 2065 pendet
531 1979 662 2045 verbum
684 1981 861 2064 quibusque
883 1981 1000 2046 similia
1021 2002 1099 2066 „per
1120 1978 1328 2046 brevitatem“
1351 1980 1385 2040 et

248 2103 456 2170 quaecunque
477 2101 517 2146 ex
548 2080 608 2145 hae
636 2083 788 2165 primaria
810 2083 841 2147 vi
862 2084 1023 2149 derivatae
1044 2084 1109 2148 sint
1129 2080 1385 2166 significationes,

248 2187 449 2252 adferuntur.
494 2186 597 2267 Atque
619 2185 721 2249 multu
742 2187 910 2268 maiorem,
933 2206 1029 2269 quam
1052 2186 1183 2270 prioris,
1217 2184 1311 2248 buius
1333 2202 1385 2264 ge·

249 2290 334 2356 neris
355 2291 479 2372 copiam
502 2286 719 2370 exemplorum
741 2288 883 2372 legimus.

335 2395 439 2475 Atque
460 2390 596 2474 primum
628 2388 669 2453 ad
690 2409 762 2454 eam
789 2390 931 2456 locorum
960 2391 1073 2456 seriem
1099 2387 1384 2472 transgrediamur,

250 2494 365 2580 quibus
386 2493 433 2557 vis
454 2491 607 2576 primaria
628 2496 845 2576 comparativa
870 2501 998 2559 servata
1018 2513 1086 2558 esse
1108 2492 1235 2557 ridetur
1256 2488 1384 2573 quibus·

250 2617 312 2682 que
333 2595 435 2660 simile
456 2594 676 2659 introducitur.

336 2699 416 2763 Hist.
441 2696 466 2776 I,
488 2696 573 2775 XVI,
598 2700 627 2761 6.
660 2695 745 2776 „Sub
774 2697 900 2763 Tiberio
932 2702 965 2762 et
993 2697 1073 2763 Gaio
1105 2703 1138 2761 et
1167 2694 1299 2761 Claudio
1326 2689 1380 2767 (is)

251 2801 345 2867 unius
366 2798 508 2865 familiae
530 2798 623 2882 quasi
645 2796 805 2864 hereditas
826 2799 973 2864 suimus“.

334 2903 432 2968 Usum
456 2899 627 2965 admodum
648 2900 866 2982 audaciorem,
898 2924 961 2987 quo
983 2900 1094 2966 vocula
1116 2900 1158 2965 ad
1179 2917 1229 2962 res
1249 2892 1298 2960 vel
1318 2891 1381 2955 sin-

251 3006 342 3090 gulas
363 3023 515 3089 personas
538 3005 672 3085 (servos)
701 3004 866 3087 pertinens
894 3006 929 3071 in
951 3026 1077 3075 omnem
1107 3002 1260 3088 populum
1280 3002 1385 3062 trans·

251 3109 366 3186 fertur,
388 3105 566 3171 adiectione
587 3106 764 3189 particulae
786 3109 917 3192 ‚,quasi“
939 3108 1098 3192 mitigavit
1117 3106 1262 3189 scriptor.

336 3209 417 3274 Hist.
442 3208 467 3288 I,
489 3207 631 3286 LXXIV,
655 3213 684 3273 6.
717 3209 833 3289 „Paria
865 3211 1011 3277 Vitellius
1044 3205 1246 3283 ostentabat',
1282 3201 1385 3285 primo

252 3311 395 3388 mollius,
424 3309 524 3374 stulta
544 3310 705 3393 utrimque
726 3317 759 3376 et
779 3312 929 3378 indecora
950 3311 1165 3388 simulatione,
1197 3326 1272 3371 mox
1293 3304 1386 3387 quasi

252 3415 395 3478 rixantes
417 3418 531 3495 stupra
546 3417 579 3477 et
599 3410 722 3494 flagitia
744 3415 777 3477 iu
792 3414 892 3480 vicem
908 3415 1114 3493 obiectavere,
1137 3415 1251 3476 neuter
1272 3407 1386 3472 falsat

338 3514 418 3580 (lum
440 3512 588 3579 Vitellius
610 3536 630 3579 a
659 3514 836 3599 legionibus
858 3517 987 3583 Gallicis
1019 3519 1192 3600 imperator
1213 3511 1318 3578 factus
1340 3531 1387 3574 es-

253 3622 303 3684 set
332 3637 466 3699 eumque
501 3616 564 3680 iam
597 3616 757 3701 legionum
786 3639 917 3702 agmen,
954 3619 1095 3685 bibernis
1125 3617 1231 3683 adhuc
1255 3613 1387 3697 Alpibus

253 3718 500 3798 transduxisset,
531 3716 613 3783 Otho
635 3740 709 3784 vero
731 3742 831 3804 usque
853 3722 895 3786 ad
916 3722 997 3788 illud
1019 3721 1170 3806 temporis
1191 3721 1388 3784 momentum

253 3822 288 3886 in
310 3820 389 3885 urbe
410 3821 594 3903 mansisset,
616 3828 750 3908 uterque
770 3824 945 3909 imperator
965 3824 1103 3889 alterum
1125 3821 1241 3888 litteris
1261 3818 1390 3886 blandis

255 3941 450 3988 commovere
472 3928 605 3989 conatus
633 3931 694 4004 est,
732 3931 769 3990 nt
795 3927 929 4011 imperio
959 3948 993 3992 se
1015 3926 1188 3992 abdicaret.
1232 3923 1294 3990 Sed
1317 3941 1389 3987 cum

255 4045 367 4119 parum
389 4027 593 4108 processisset
614 4047 680 4109 res,
716 4028 793 4113 quia
820 4034 933 4095 neuter
954 4029 1066 4096 cedere
1089 4028 1202 4108 voluit,
1239 4025 1390 4092 simulata

308 4247 333 4316 *)
350 4245 390 4300 cf.
407 4246 541 4316 Madwig,
560 4263 622 4318 opp.
640 4248 717 4305 seed.
735 4249 757 4317 Ι,
776 4266 822 4320 pg.
840 4252 900 4320 494,
919 4250 1012 4306 adnot.
1030 4253 1055 4304 3.
