2836 4814
720 275 761 336 db

258 459 371 525 Annal.
397 460 451 540 VI,
473 458 511 537 V,
535 463 564 524 5.
596 459 659 537 „Et
690 463 760 524 erat
793 458 915 523 iuvenis
941 455 1027 520 haud
1057 455 1178 538 dispari
1205 458 1317 519 aetate

174 560 366 645 quibusdam
388 554 535 626 Caesaris
562 550 685 625 libertis
706 561 793 626 velut
819 560 999 644 adgnitus“.
1044 556 1107 639 (Of.
1131 557 1235 622 Germ.
1259 559 1317 621 20.

172 664 254 729 Hist.
277 662 336 745 III,
360 668 410 728 75.
456 662 571 728 Annal.
594 664 647 742 IV,
671 667 735 742 34.)

260 788 405 869 Libertas
433 791 579 857 iuvenem
608 810 672 855 non
694 789 837 862 ueritatis
867 808 974 854 amore
996 793 1170 855 commotos
1192 789 1316 872 adgno-

174 890 254 957 visse
276 911 316 956 ex
330 892 450 973 serbis,
472 913 553 977 quae
575 897 768 976 sequuntur,
792 893 996 976 conspicuum
1017 890 1072 957 fit:
1095 912 1173 976 „per
1193 892 1318 956 dolum.

173 1014 232 1076 que
253 995 479 1061 comitantibus
502 995 753 1062 adliciebantur“
775 999 834 1059 etc.

259 1124 375 1190 Annal.
399 1124 452 1202 VI,
475 1124 546 1202 VII,
569 1128 617 1188 16.
652 1122 912 1206 „Praepositique
941 1123 1037 1201 servi,
1069 1122 1124 1207 qui
1147 1123 1318 1206 conquire·

173 1228 262 1302 rent,
299 1225 382 1291 dona
410 1226 443 1291 in
475 1231 651 1310 promptos,
688 1225 791 1289 minas
812 1224 979 1289 adversum
1002 1225 1194 1304 abnuentes,
1231 1224 1317 1289 etsi

174 1327 350 1393 retinerent
370 1329 567 1414 propinquus
590 1332 646 1392 aut
672 1347 803 1410 parens,
832 1326 895 1391 vim
916 1332 1028 1411 raptus
1049 1346 1169 1409 suaque
1190 1326 1252 1412 ipsi
1275 1326 1316 1391 li-

174 1427 242 1494 bita
264 1429 406 1496 velutin
427 1438 537 1514 captos
560 1428 779 1495 exercebant“.

259 1533 337 1613 „Ab
359 1532 400 1600 ob
422 1532 467 1597 sie
488 1530 688 1615 kriegebeute
710 1534 845 1596 warenn
954 1608 958 1617 ι

258 1659 373 1726 Annal.
395 1660 449 1739 VI,
471 1659 551 1738 LVI,
574 1663 603 1724 9.
635 1658 687 1737 „Is
715 1658 802 1724 velut
831 1660 961 1743 propria
990 1660 1031 1725 ad
1060 1661 1189 1742 negotia
1210 1661 1317 1744 digre-

173 1761 263 1831 diens
292 1769 325 1827 et
353 1783 410 1846 per
439 1763 576 1846 speciem
597 1761 691 1827 officii
713 1781 842 1825 manum
865 1761 1048 1844 complexus
1069 1764 1198 1848 pulsum
1219 1784 1318 1829 vena·

176 1885 247 1930 rum
269 1865 407 1948 artigia.

259 1968 330 2046 Qua
350 1968 384 2032 in
406 1967 565 2032 sententia
586 1965 712 2046 „velut‘
734 1971 767 2030 et
788 1988 864 2051 „per
885 1968 1041 2052 speciem“
1064 1968 1172 2034 eadem
1189 1969 1318 2035 ratione

176 2074 346 2153 usurpata,
369 2068 503 2133 eandem
525 2068 679 2152 praebent
701 2067 973 2153 significationem.

261 2197 376 2263 Annal.
399 2197 455 2277 XI,
478 2198 551 2278 XII,
576 2201 623 2262 13.
658 2198 855 2277 „Postremo,
877 2197 965 2262 velut
987 2199 1146 2264 translata
1167 2199 1238 2275 Iam
1252 2196 1318 2263 for-

175 2304 270 2378 tuna,
307 2298 390 2365 servi
421 2299 527 2366 liberti
556 2305 688 2384 paratus
721 2301 874 2385 principis
904 2299 991 2384 apud
1022 2300 1203 2366 adulterum
1235 2301 1318 2366 vise-

176 2403 325 2467 bantur“.
404 2454 414 2473 .
647 2464 651 2471 ,

262 2475 370 2573 Facile
407 2503 594 2569 credidisses
627 2503 796 2569 Claudium
832 2505 897 2569 iam
932 2510 1094 2570 mortuum
1130 2505 1317 2590 Siliumque,

180 2603 369 2672 Messalinae
392 2605 573 2670 adulterum
595 2607 819 2691 imperatorem
841 2606 961 2672 iactum
983 2628 1060 2672 esse.

264 2712 473 2815 Annal.,XII,
495 2733 640 2815 LXVIII,
662 2739 691 2800 5.
721 2736 809 2814 „Iam
837 2738 976 2820 primum
1006 2738 1194 2822 Agrippina,
1227 2737 1320 2804 velut

177 2835 286 2902 dolore
307 2836 410 2901 evicta
438 2842 471 2902 et
499 2837 616 2902 solacio
644 2839 847 2921 conquirens,
884 2846 993 2905 tenere
1015 2839 1164 2924 amplexu
1186 2839 1319 2905 Britan·

178 2939 306 3004 nicum“
328 2944 387 3004 etc.

263 3068 309 3133 Ite
330 3071 436 3132 autem
459 3087 534 3132 uera
555 3065 724 3151 probibere
741 3067 850 3148 voluit,
873 3071 1042 3152 quominus
1064 3073 1206 3139 cubiculo
1228 3095 1321 3158 egre·

179 3172 307 3238 deretur
333 3190 374 3235 ne
400 3169 510 3235 audito
539 3169 666 3235 Claudii
693 3171 805 3263 mortis
833 3173 959 3252 nuntio,
994 3174 1103 3259 populi
1132 3177 1240 3243 favore
1268 3177 1321 3244 in·

179 3275 314 3353 citatus,
336 3293 470 3356 regnum
491 3271 552 3337 sibi
572 3291 757 3356 comparare
778 3279 956 3339 conaretur.

265 3401 379 3467 Annal.
403 3401 492 3484 XIII,
515 3402 615 3480 XXX,
638 3407 667 3468 5.
700 3404 851 3484 „Clodius
882 3404 1070 3486 Quirinalis,
1109 3409 1193 3490 quod
1225 3429 1320 3493 prae·

179 3505 281 3571 fectus
303 3505 469 3587 remigum,
493 3505 547 3588 qui
570 3504 741 3570 Ravennae
764 3505 968 3584 haberentur,
990 3508 1078 3573 velut
1098 3509 1240 3574 infimam
1263 3511 1318 3589 (cf.

180 3608 263 3674 Hist.
285 3608 327 3686 II,
351 3611 391 3674 38
411 3611 445 3672 et
466 3609 522 3688 21)
550 3608 715 3672 nationum
737 3608 866 3673 Italiam
894 3609 1024 3676 luxuria
1045 3612 1240 3696 saevitiaque
1262 3613 1321 3680 ad-

180 3711 379 3787 flictavisset,
401 3728 520 3774 veneno
542 3707 777 3775 damnationem
799 3710 940 3775 anteiit“.

267 3836 383 3903 Annal.
406 3837 491 3916 XIV,
513 3836 635 3915 XXXI,
657 3840 687 3900 5.
726 3837 836 3916 „Quod
875 3841 985 3902 contra
1022 3840 1129 3918 vertit,
1166 3839 1245 3905 adeo
1281 3847 1322 3908 ut

182 3961 314 4026 regnum
336 3960 393 4022 per
415 3938 628 4015 centuriones,
651 3938 763 4003 domus
785 3959 841 4023 per
864 3959 969 4005 servos
990 3939 1077 4004 velut
1098 3947 1192 4026 capta
1214 3949 1321 4008 vasta·

182 4047 321 4108 rentur“.
365 4039 827 4127 (of.nnnal.111‚v11,17.)
871 4041 976 4125 Capta
1004 4041 1115 4107 domus
1144 4064 1206 4109 non
1239 4050 1321 4127 erat,

183 4165 255 4210 cum
290 4144 454 4209 Icenorum
485 4163 540 4208 rex
573 4142 766 4227 Prasutegus
799 4143 964 4210 Caesarem
997 4143 1145 4208 heredem
1177 4146 1321 4230 duasque

183 4246 268 4313 filias
288 4244 472 4332 scripsisset.
