2836 4814
730 266 768 327 10

182 448 276 526 tium,
300 449 381 513 vitat
402 449 596 525 comitantis,
619 470 711 514 rarus
733 472 790 533 per
806 451 929 529 urbem,
951 452 1042 534 quasi
1065 450 1245 514 valetudine
1267 451 1314 514 in·

182 548 270 614 fensa
293 557 349 615 aut
370 552 545 634 sapientiae
567 553 681 616 studiis
703 552 788 616 domi
811 553 1038 617 adtinemtnr‘t

266 653 418 721 Senecam
440 660 511 739 post
535 655 626 718 burri
654 660 802 732 mortem,
840 656 929 720 utin
954 675 1021 739 cap.
1045 654 1103 720 LII
1126 654 1219 718 huius
1241 656 1313 720 libri

183 755 330 839 legimus,
362 758 459 822 variis
491 757 779 834 criminationibuS,
808 757 945 822 maxime
969 779 1008 822 ex
1031 759 1132 822 auctis
1155 761 1221 823 eius
1251 761 1316 843 opi-

180 859 239 925 bus
260 865 292 924 et
314 860 550 942 magnificentia
566 859 711 924 villarum
734 866 830 945 atque
851 881 890 925 ex
905 860 1109 939 auctoritate,
1133 883 1227 944 quam
1251 863 1314 927 elo·

181 964 312 1046 quentia
334 963 394 1028 sibi
408 967 661 1047 comparaverat,
685 963 859 1045 desumptis
874 963 976 1048 adorti
1000 968 1088 1038 sunt,
1111 985 1245 1046 quorum
1268 967 1315 1030 in·

181 1065 285 1130 vidiae
309 1064 395 1130 haud
416 1066 546 1147 ignarus
568 1078 717 1148 metuque
740 1064 907 1143 sollicitus,
931 1087 969 1128 ne
992 1087 1140 1148 praesens
1157 1069 1314 1134 Neronem

181 1167 267 1232 ultro
291 1168 452 1243 incitaret,
490 1167 530 1232 ab
553 1166 634 1232 aulis
661 1167 812 1252 principis
841 1167 899 1231 sub
929 1169 1031 1250 specie
1054 1170 1246 1236 valetudinis
1267 1173 1314 1236 in-

180 1268 289 1336 fensae
310 1270 547 1354 sapientiaeque
569 1269 746 1333 studiorum
769 1290 801 1334 se
823 1269 967 1334 removit.

267 1409 378 1474 annal,
402 1399 470 1477 XV,
493 1399 579 1477 LIII,
603 1404 632 1462 5.
661 1398 831 1475 „Ordinem
854 1399 978 1465 insidiis
999 1410 1255 1484 composuerant,
1278 1410 1315 1469 ut

181 1489 373 1574 Lateranus,
403 1501 493 1583 quasi
515 1500 690 1565 subsidium
712 1503 758 1564 rei
780 1501 929 1566 familiari
952 1508 1070 1581 oraret,
1101 1503 1315 1589 deprecabun-

181 1593 240 1658 dus
261 1604 294 1662 et
315 1602 446 1682 genibus
468 1602 621 1686 principis
643 1603 802 1680 accidens,
839 1609 1054 1686 prosterneret
1076 1605 1239 1671 incautum
1262 1631 1315 1693 pe-

180 1709 378 1786 remeretque
399 1708 479 1769 etc“.

265 1804 375 1870 Oratio
396 1827 454 1890 pro
476 1826 511 1871 re
543 1804 694 1872 familiari
716 1827 823 1870 coram
846 1807 970 1872 Nerone
1000 1807 1125 1886 habita,
1154 1809 1233 1874 nihil
1255 1811 1316 1876 nisi

181 1906 330 1972 obtentus
352 1915 435 1988 erat,
460 1930 522 1992 quo
544 1909 657 1973 melius
680 1914 713 1973 ct
734 1910 967 1992 inexpectatius
984 1910 1113 1974 Caesari
1135 1913 1198 1976 vim
1219 1913 1316 1979 infer-

180 2015 252 2073 rent
274 2011 439 2075 coniurati.

266 2111 434 2190 Omnibus,
470 2134 552 2196 quae
582 2133 682 2196 usque
714 2113 756 2177 ad
788 2112 850 2176 buc
882 2113 1119 2195 adnotavimus,
1155 2118 1315 2203 exemplis,

178 2215 369 2300 particulam
401 2216 533 2298 „quasi‘
562 2237 633 2285 cum
664 2215 870 2281 Coniunctivo
902 2215 1085 2298 Imperfecti
1113 2223 1315 2286 coniunctam

179 2318 326 2402 legimus;
349 2340 432 2383 nunc
452 2319 494 2382 ad
509 2319 663 2383 minorem
685 2318 812 2381 illorum
835 2323 1034 2381 transeamus
1049 2340 1224 2401 numerum,
1248 2323 1317 2406 qui·

179 2421 238 2486 bus
261 2421 489 2486 Coniunctivus
512 2419 817 2505 Plusquamperfecti
838 2420 1005 2484 occurrit·

266 2550 381 2614 Annal.
406 2551 495 2628 XIII,
511 2551 609 2625 XXV,
624 2555 672 2615 14.
695 2549 879 2632 „Iuliusque
902 2548 1072 2613 Montanus
1093 2555 1244 2619 senatorii
1267 2576 1316 2618 or-

180 2653 278 2730 dinis,
311 2653 365 2718 sed
388 2657 444 2737 qui
466 2654 605 2719 nondum
628 2653 780 2718 honorem
804 2652 1006 2734 capessisset,
1028 2673 1212 2735 congressus
1234 2656 1317 2721 forte

179 2776 236 2840 per
259 2757 406 2820 tenebras
428 2778 499 2820 cum
522 2757 677 2839 principe,
710 2756 786 2838 quia
810 2755 840 2817 vi
861 2760 1108 2837 attemptantem
1131 2759 1246 2822 acriter
1267 2780 1317 2823 re-

178 2858 319 2942 pulerat,
357 2858 472 2923 deinde
505 2859 668 2941 adgnitum
698 2862 858 2934 oraverat,
897 2858 988 2938 quasi
1018 2858 1238 2941 exprobrasset
1259 2862 1314 2942 (cf.

179 2963 263 3026 Anu.
286 2962 376 3040 XIII,
397 2962 482 3040 XXI,
506 2965 570 3039 26.)
594 2960 716 3038 morttti
739 2959 870 3024 adactus
892 2965 968 3022 est‘.

264 3065 408 3129 Profecto
431 3066 463 3128 in
488 3085 540 3143 eo,
577 3063 661 3145 quod
689 3058 855 3144 adg'nitum
879 3060 1036 3124 Neronem
1059 3070 1205 3127 oraverat
1227 3064 1316 3128 blon-

179 3174 291 3244 tanus,
314 3167 518 3250 exprobratio
538 3165 627 3230 nulla
649 3167 768 3243 inerat,
791 3165 838 3228 ita
859 3169 896 3228 ut
917 3163 999 3228 falsa
1021 3166 1221 3230 accusatione
1243 3187 1316 3231 con·

179 3273 400 3338 damnaretur:
425 3268 471 3332 als
493 3269 532 3333 ob
555 3289 589 3332 er
611 3267 766 3331 vorwiirfe
788 3266 935 3348 gemacht
957 3266 1047 3332 habe.

265 3400 379 3466 Annal.
403 3398 493 3473 XIII,
515 3398 710 3475 XXXXVII,
731 3401 778 3462 16.
806 3396 961 3474 „Perinde
983 3401 1106 3476 tamen,
1129 3401 1221 3482 quasi
1244 3422 1316 3464 con·

178 3505 281 3570 victus
311 3509 408 3578 esset,
446 3500 557 3564 cedere
584 3501 690 3583 patria
721 3506 754 3562 et
777 3499 1020 3564 Massiliensium
1045 3501 1208 3566 moenibus
1230 3506 1314 3568 cotir-

179 3609 242 3673 ceri
265 3607 421 3670 iubetur“.

267 3739 442 3800 Accusatus
464 3738 535 3797 erat
557 3731 723 3796 Cornelius
746 3731 850 3811 Sulla,
873 3733 992 3799 Neroni
1014 3756 1071 3819 per
1094 3736 1175 3798 viam
1200 3733 1316 3797 flami-

180 3841 264 3906 nIam
297 3835 491 3920 regredienti
518 3835 651 3898 insidias
682 3837 903 3917 composuisse.
948 3837 1048 3905 Sede
1078 3836 1196 3912 uerbis,
1233 3854 1316 3917 quae

179 3947 287 4007 nostro
323 3939 391 4002 loco
426 3937 636 4002 antecedunt:
677 3957 798 4020 „neque
828 3959 988 4002 servorum
1016 3939 1184 4020 quisquam
1214 3957 1316 4019 ucque

180 4045 343 4109 clientium
375 4039 482 4105 Sullae
514 4038 680 4120 adgnitus,
717 4042 916 4123 maximeque
949 4040 1099 4123 despecta
1129 4047 1162 4104 et
1198 4039 1316 4103 nullius

179 4147 248 4211 ausi
273 4165 373 4228 capax
390 4141 508 4206 u'atura
530 4142 597 4205 eius
620 4161 639 4204 a
661 4143 791 4206 crimine
814 4141 1045 4217 abhorrebat“;
1068 4146 1316 4206 consentaneum

179 4255 242 4327 est,
272 4268 342 4310 eum
366 4267 469 4329 neque
491 4244 594 4309 Taciti
616 4265 720 4327 neque
742 4244 952 4328 reliquorum,
988 4248 1119 4327 excepto
1143 4244 1234 4308 unice
1257 4244 1317 4308 Nc·
