<?xml version="1.0" encoding="UTF-8"?>
<!DOCTYPE html PUBLIC "-//W3C//DTD XHTML 1.0 Transitional//EN"
    "http://www.w3.org/TR/xhtml1/DTD/xhtml1-transitional.dtd">
<html xmlns="http://www.w3.org/1999/xhtml" xml:lang="en" lang="en">
 <head>
  <title>
</title>
<meta http-equiv="Content-Type" content="text/html;charset=utf-8" />
  <meta name='ocr-system' content='tesseract 3.04.00' />
  <meta name='ocr-capabilities' content='ocr_page ocr_carea ocr_par ocr_line ocrx_word'/>
</head>
<body>
  <div class='ocr_page' id='page_1' title='image "./departicularumq00hahngoog_0012.png"; bbox 0 0 2836 4814; ppageno 0'>
   <div class='ocr_carea' id='block_1_1' title="bbox 681 278 699 338">
    <p class='ocr_par' dir='ltr' id='par_1_1' title="bbox 681 278 699 338">
     <span class='ocr_line' id='line_1_1' title="bbox 681 278 699 338; baseline 0 0"><span class='ocrx_word' id='word_1_1' title='bbox 681 278 699 338; x_wconf 86' lang='grc'><strong>7</strong></span> 
     </span>
    </p>
   </div>
   <div class='ocr_carea' id='block_1_2' title="bbox 121 458 1259 4332">
    <p class='ocr_par' dir='ltr' id='par_1_2' title="bbox 124 458 1257 850">
     <span class='ocr_line' id='line_1_2' title="bbox 209 458 1257 544; baseline 0.002 -22"><span class='ocrx_word' id='word_1_2' title='bbox 209 458 292 523; x_wconf 90' lang='lat' dir='ltr'><strong>Hist.</strong></span> <span class='ocrx_word' id='word_1_3' title='bbox 316 460 339 536; x_wconf 94' lang='lat' dir='ltr'><strong>I,</strong></span> <span class='ocrx_word' id='word_1_4' title='bbox 362 459 493 538; x_wconf 84' lang='lat' dir='ltr'>XXXX,</span> <span class='ocrx_word' id='word_1_5' title='bbox 515 465 543 522; x_wconf 87' lang='grc'><strong>7.</strong></span> <span class='ocrx_word' id='word_1_6' title='bbox 575 460 697 541; x_wconf 91' lang='lat' dir='ltr'><strong>„Igitur</strong></span> <span class='ocrx_word' id='word_1_7' title='bbox 726 461 843 525; x_wconf 81' lang='lat' dir='ltr'><strong>milites</strong></span> <span class='ocrx_word' id='word_1_8' title='bbox 865 460 1013 539; x_wconf 86' lang='lat' dir='ltr'><strong>Romani,</strong></span> <span class='ocrx_word' id='word_1_9' title='bbox 1046 460 1138 544; x_wconf 89' lang='lat' dir='ltr'><strong>quasi</strong></span> <span class='ocrx_word' id='word_1_10' title='bbox 1163 459 1257 524; x_wconf 91' lang='lat' dir='ltr'><strong>Volo-</strong></span> 
     </span>
     <span class='ocr_line' id='line_1_3' title="bbox 124 561 1256 647; baseline 0.002 -23"><span class='ocrx_word' id='word_1_11' title='bbox 124 581 217 643; x_wconf 83' lang='lat' dir='ltr'>gesen</span> <span class='ocrx_word' id='word_1_12' title='bbox 242 566 299 623; x_wconf 89' lang='lat' dir='ltr'><strong>aut</strong></span> <span class='ocrx_word' id='word_1_13' title='bbox 320 561 474 626; x_wconf 89' lang='lat' dir='ltr'><strong>Pacorum</strong></span> <span class='ocrx_word' id='word_1_14' title='bbox 496 561 582 626; x_wconf 85' lang='lat' dir='ltr'><strong>avito</strong></span> <span class='ocrx_word' id='word_1_15' title='bbox 606 563 827 627; x_wconf 81' lang='lat' dir='ltr'><strong>Arsacidarum</strong></span> <span class='ocrx_word' id='word_1_16' title='bbox 850 562 929 628; x_wconf 89' lang='lat' dir='ltr'><strong>solio</strong></span> <span class='ocrx_word' id='word_1_17' title='bbox 950 562 1114 647; x_wconf 85' lang='lat' dir='ltr'><strong>depulsuri</strong></span> <span class='ocrx_word' id='word_1_18' title='bbox 1136 583 1173 626; x_wconf 89' lang='lat' dir='ltr'><strong>ac</strong></span> <span class='ocrx_word' id='word_1_19' title='bbox 1196 583 1256 626; x_wconf 95' lang='lat' dir='ltr'><strong>non</strong></span> 
     </span>
     <span class='ocr_line' id='line_1_4' title="bbox 124 663 1254 749; baseline 0.004 -25"><span class='ocrx_word' id='word_1_20' title='bbox 124 663 348 746; x_wconf 83' lang='lat' dir='ltr'><strong>imperatorem</strong></span> <span class='ocrx_word' id='word_1_21' title='bbox 370 684 461 728; x_wconf 90' lang='lat' dir='ltr'><strong>suum</strong></span> <span class='ocrx_word' id='word_1_22' title='bbox 488 665 630 729; x_wconf 88' lang='lat' dir='ltr'><strong>inermen</strong></span> <span class='ocrx_word' id='word_1_23' title='bbox 654 671 687 730; x_wconf 92' lang='lat' dir='ltr'><strong>et</strong></span> <span class='ocrx_word' id='word_1_24' title='bbox 716 685 820 730; x_wconf 89' lang='lat' dir='ltr'><strong>senem</strong></span> <span class='ocrx_word' id='word_1_25' title='bbox 844 665 1004 730; x_wconf 88' lang='lat' dir='ltr'><strong>trucidare</strong></span> <span class='ocrx_word' id='word_1_26' title='bbox 1026 670 1194 749; x_wconf 84' lang='lat' dir='ltr'><strong>pergerent</strong></span> <span class='ocrx_word' id='word_1_27' title='bbox 1218 705 1254 715; x_wconf 89' lang='lat'><em>-</em></span> 
     </span>
     <span class='ocr_line' id='line_1_5' title="bbox 126 764 590 850; baseline 0.006 -23"><span class='ocrx_word' id='word_1_28' title='bbox 126 805 166 816; x_wconf 88' lang='grc'>-</span> <span class='ocrx_word' id='word_1_29' title='bbox 190 801 227 812; x_wconf 93' lang='lat'><em>-</em></span> <span class='ocrx_word' id='word_1_30' title='bbox 249 764 353 830; x_wconf 88' lang='lat' dir='ltr'><strong>forum</strong></span> <span class='ocrx_word' id='word_1_31' title='bbox 375 767 590 850; x_wconf 90' lang='lat' dir='ltr'><strong>inrumpunt“.</strong></span> 
     </span>
    </p>

    <p class='ocr_par' dir='ltr' id='par_1_3' title="bbox 122 867 1257 1157">
     <span class='ocr_line' id='line_1_6' title="bbox 209 867 1257 952; baseline 0.004 -22"><span class='ocrx_word' id='word_1_32' title='bbox 209 867 259 930; x_wconf 88' lang='lat' dir='ltr'><strong>Ita</strong></span> <span class='ocrx_word' id='word_1_33' title='bbox 281 867 398 933; x_wconf 86' lang='lat' dir='ltr'><strong>milites</strong></span> <span class='ocrx_word' id='word_1_34' title='bbox 420 869 555 934; x_wconf 89' lang='lat' dir='ltr'><strong>Romani</strong></span> <span class='ocrx_word' id='word_1_35' title='bbox 578 890 612 933; x_wconf 90' lang='lat' dir='ltr'><strong>se</strong></span> <span class='ocrx_word' id='word_1_36' title='bbox 635 873 815 952; x_wconf 90' lang='lat' dir='ltr'><strong>gesserunt,</strong></span> <span class='ocrx_word' id='word_1_37' title='bbox 842 874 893 949; x_wconf 91' lang='lat' dir='ltr'><strong>ut,</strong></span> <span class='ocrx_word' id='word_1_38' title='bbox 916 869 941 933; x_wconf 93' lang='lat' dir='ltr'><strong>si</strong></span> <span class='ocrx_word' id='word_1_39' title='bbox 964 889 1028 933; x_wconf 91' lang='lat' dir='ltr'><strong>non</strong></span> <span class='ocrx_word' id='word_1_40' title='bbox 1051 868 1161 934; x_wconf 86' lang='lat' dir='ltr'><strong>scisses</strong></span> <span class='ocrx_word' id='word_1_41' title='bbox 1183 868 1257 934; x_wconf 87' lang='lat' dir='ltr'><strong>Gal·</strong></span> 
     </span>
     <span class='ocr_line' id='line_1_7' title="bbox 122 968 1257 1055; baseline 0.002 -22"><span class='ocrx_word' id='word_1_42' title='bbox 122 968 180 1033; x_wconf 88' lang='lat' dir='ltr'><strong>bae</strong></span> <span class='ocrx_word' id='word_1_43' title='bbox 203 968 275 1033; x_wconf 92' lang='lat' dir='ltr'><strong>odio</strong></span> <span class='ocrx_word' id='word_1_44' title='bbox 289 969 435 1035; x_wconf 88' lang='lat' dir='ltr'><strong>incensos</strong></span> <span class='ocrx_word' id='word_1_45' title='bbox 457 991 511 1035; x_wconf 92' lang='lat' dir='ltr'><strong>eos</strong></span> <span class='ocrx_word' id='word_1_46' title='bbox 532 991 609 1049; x_wconf 88' lang='lat' dir='ltr'><strong>esse,</strong></span> <span class='ocrx_word' id='word_1_47' title='bbox 632 970 723 1035; x_wconf 85' lang='lat' dir='ltr'><strong>facile</strong></span> <span class='ocrx_word' id='word_1_48' title='bbox 745 972 931 1037; x_wconf 83' lang='lat' dir='ltr'><strong>credidisses</strong></span> <span class='ocrx_word' id='word_1_49' title='bbox 950 971 1141 1037; x_wconf 79' lang='lat' dir='ltr'><strong>Parthorum</strong></span> <span class='ocrx_word' id='word_1_50' title='bbox 1158 991 1257 1055; x_wconf 90' lang='lat' dir='ltr'><strong>quen·</strong></span> 
     </span>
     <span class='ocr_line' id='line_1_8' title="bbox 125 1073 738 1157; baseline -0.003 -20"><span class='ocrx_word' id='word_1_51' title='bbox 125 1073 197 1137; x_wconf 90' lang='lat' dir='ltr'><strong>dam</strong></span> <span class='ocrx_word' id='word_1_52' title='bbox 219 1093 326 1153; x_wconf 88' lang='lat' dir='ltr'><strong>regern</strong></span> <span class='ocrx_word' id='word_1_53' title='bbox 348 1093 402 1137; x_wconf 91' lang='lat' dir='ltr'><strong>eos</strong></span> <span class='ocrx_word' id='word_1_54' title='bbox 423 1074 609 1157; x_wconf 90' lang='lat' dir='ltr'><strong>depulsuros</strong></span> <span class='ocrx_word' id='word_1_55' title='bbox 632 1073 738 1138; x_wconf 88' lang='lat' dir='ltr'><strong>luisse.</strong></span> 
     </span>
    </p>

    <p class='ocr_par' dir='ltr' id='par_1_4' title="bbox 122 1175 1257 1445">
     <span class='ocr_line' id='line_1_9' title="bbox 208 1175 1257 1254; baseline 0.003 -15"><span class='ocrx_word' id='word_1_56' title='bbox 208 1175 291 1239; x_wconf 78' lang='lat' dir='ltr'><strong>Hisc</strong></span> <span class='ocrx_word' id='word_1_57' title='bbox 315 1175 338 1252; x_wconf 91' lang='grc' dir='ltr'><strong>Ι,</strong></span> <span class='ocrx_word' id='word_1_58' title='bbox 363 1175 526 1254; x_wconf 88' lang='lat' dir='ltr'>LXXXX,</span> <span class='ocrx_word' id='word_1_59' title='bbox 552 1179 599 1240; x_wconf 79' lang='lat'><strong>15.</strong></span> <span class='ocrx_word' id='word_1_60' title='bbox 630 1176 748 1254; x_wconf 82' lang='lat' dir='ltr'><strong>„Quasi</strong></span> <span class='ocrx_word' id='word_1_61' title='bbox 780 1175 967 1242; x_wconf 88' lang='lat' dir='ltr'><strong>dictatorem</strong></span> <span class='ocrx_word' id='word_1_62' title='bbox 999 1176 1168 1242; x_wconf 85' lang='lat' dir='ltr'><strong>Gaesarem</strong></span> <span class='ocrx_word' id='word_1_63' title='bbox 1200 1181 1257 1242; x_wconf 90' lang='lat' dir='ltr'><strong>aut</strong></span> 
     </span>
     <span class='ocr_line' id='line_1_10' title="bbox 123 1279 1257 1364; baseline 0.002 -22"><span class='ocrx_word' id='word_1_64' title='bbox 123 1279 348 1361; x_wconf 87' lang='lat' dir='ltr'><strong>imperatorem</strong></span> <span class='ocrx_word' id='word_1_65' title='bbox 382 1279 558 1359; x_wconf 88' lang='lat' dir='ltr'><strong>Augustum</strong></span> <span class='ocrx_word' id='word_1_66' title='bbox 592 1282 857 1361; x_wconf 88' lang='lat' dir='ltr'><strong>prosequerentur</strong></span> <span class='ocrx_word' id='word_1_67' title='bbox 890 1279 937 1341; x_wconf 85' lang='lat' dir='ltr'><strong>ita</strong></span> <span class='ocrx_word' id='word_1_68' title='bbox 967 1279 1080 1343; x_wconf 89' lang='lat' dir='ltr'><strong>studiis</strong></span> <span class='ocrx_word' id='word_1_69' title='bbox 1113 1280 1257 1364; x_wconf 87' lang='lat' dir='ltr'><strong>votisque</strong></span> 
     </span>
     <span class='ocr_line' id='line_1_11' title="bbox 122 1380 321 1445; baseline -0.005 0"><span class='ocrx_word' id='word_1_70' title='bbox 122 1380 321 1445; x_wconf 49' lang='lat' dir='ltr'><strong>certabant&amp;</strong></span> 
     </span>
    </p>

    <p class='ocr_par' dir='ltr' id='par_1_5' title="bbox 123 1479 1259 2587">
     <span class='ocr_line' id='line_1_12' title="bbox 208 1479 1258 1566; baseline 0.002 -20"><span class='ocrx_word' id='word_1_71' title='bbox 208 1482 337 1546; x_wconf 84' lang='lat' dir='ltr'><strong>Tacitus</strong></span> <span class='ocrx_word' id='word_1_72' title='bbox 358 1481 525 1564; x_wconf 88' lang='lat' dir='ltr'><strong>descripsit</strong></span> <span class='ocrx_word' id='word_1_73' title='bbox 549 1479 634 1544; x_wconf 88' lang='lat' dir='ltr'><strong>hisce</strong></span> <span class='ocrx_word' id='word_1_74' title='bbox 654 1481 757 1545; x_wconf 85' lang='lat' dir='ltr'><strong>verbis</strong></span> <span class='ocrx_word' id='word_1_75' title='bbox 780 1481 960 1546; x_wconf 87' lang='lat' dir='ltr'><strong>simulatam</strong></span> <span class='ocrx_word' id='word_1_76' title='bbox 990 1481 1100 1566; x_wconf 93' lang='lat' dir='ltr'><strong>populi</strong></span> <span class='ocrx_word' id='word_1_77' title='bbox 1122 1482 1258 1548; x_wconf 87' lang='lat' dir='ltr'><strong>Romani</strong></span> 
     </span>
     <span class='ocr_line' id='line_1_13' title="bbox 124 1582 1256 1666; baseline 0.001 -18"><span class='ocrx_word' id='word_1_78' title='bbox 124 1586 157 1649; x_wconf 94' lang='lat' dir='ltr'><strong>in</strong></span> <span class='ocrx_word' id='word_1_79' title='bbox 180 1584 350 1661; x_wconf 78' lang='lat' dir='ltr'><strong>Othonem,</strong></span> <span class='ocrx_word' id='word_1_80' title='bbox 380 1604 451 1648; x_wconf 90' lang='lat' dir='ltr'><strong>cum</strong></span> <span class='ocrx_word' id='word_1_81' title='bbox 474 1589 586 1648; x_wconf 88' lang='lat' dir='ltr'><strong>contra</strong></span> <span class='ocrx_word' id='word_1_82' title='bbox 609 1583 770 1648; x_wconf 82' lang='lat' dir='ltr'><strong>Vitellium</strong></span> <span class='ocrx_word' id='word_1_83' title='bbox 794 1582 1059 1666; x_wconf 88' lang='lat' dir='ltr'><strong>proficisceretur,</strong></span> <span class='ocrx_word' id='word_1_84' title='bbox 1090 1585 1256 1650; x_wconf 90' lang='lat' dir='ltr'><strong>caritatem</strong></span> 
     </span>
     <span class='ocr_line' id='line_1_14' title="bbox 124 1684 1256 1770; baseline 0.002 -19"><span class='ocrx_word' id='word_1_85' title='bbox 124 1688 392 1770; x_wconf 85' lang='lat' dir='ltr'><strong>voluntatemque.</strong></span> <span class='ocrx_word' id='word_1_86' title='bbox 435 1686 517 1750; x_wconf 90' lang='lat' dir='ltr'><strong>Nam</strong></span> <span class='ocrx_word' id='word_1_87' title='bbox 540 1685 773 1749; x_wconf 87' lang='lat' dir='ltr'><strong>simulationem</strong></span> <span class='ocrx_word' id='word_1_88' title='bbox 796 1684 965 1751; x_wconf 85' lang='lat' dir='ltr'><strong>manifesto</strong></span> <span class='ocrx_word' id='word_1_89' title='bbox 987 1687 1131 1751; x_wconf 89' lang='lat' dir='ltr'><strong>indicant</strong></span> <span class='ocrx_word' id='word_1_90' title='bbox 1152 1687 1256 1764; x_wconf 86' lang='lat' dir='ltr'><strong>verba,</strong></span> 
     </span>
     <span class='ocr_line' id='line_1_15' title="bbox 124 1787 1258 1873; baseline 0.001 -21"><span class='ocrx_word' id='word_1_91' title='bbox 124 1810 206 1873; x_wconf 89' lang='lat' dir='ltr'><strong>quae</strong></span> <span class='ocrx_word' id='word_1_92' title='bbox 227 1788 434 1853; x_wconf 88' lang='lat' dir='ltr'><strong>antecedunt:</strong></span> <span class='ocrx_word' id='word_1_93' title='bbox 473 1787 612 1865; x_wconf 92' lang='lat' dir='ltr'><strong>„clamor</strong></span> <span class='ocrx_word' id='word_1_94' title='bbox 634 1807 787 1870; x_wconf 90' lang='lat' dir='ltr'><strong>vocesque</strong></span> <span class='ocrx_word' id='word_1_95' title='bbox 816 1788 898 1870; x_wconf 86' lang='lat' dir='ltr'><strong>volgi</strong></span> <span class='ocrx_word' id='word_1_96' title='bbox 927 1810 966 1852; x_wconf 86' lang='lat' dir='ltr'><strong>ex</strong></span> <span class='ocrx_word' id='word_1_97' title='bbox 996 1808 1082 1852; x_wconf 91' lang='lat' dir='ltr'><strong>more</strong></span> <span class='ocrx_word' id='word_1_98' title='bbox 1104 1789 1258 1854; x_wconf 87' lang='lat' dir='ltr'><strong>adulandi</strong></span> 
     </span>
     <span class='ocr_line' id='line_1_16' title="bbox 123 1890 1255 1966; baseline 0.002 -11"><span class='ocrx_word' id='word_1_99' title='bbox 123 1892 240 1956; x_wconf 88' lang='lat' dir='ltr'><strong>nimiae</strong></span> <span class='ocrx_word' id='word_1_100' title='bbox 263 1898 295 1954; x_wconf 89' lang='lat' dir='ltr'><strong>ot</strong></span> <span class='ocrx_word' id='word_1_101' title='bbox 316 1890 447 1966; x_wconf 86' lang='lat' dir='ltr'><strong>falsae“,</strong></span> <span class='ocrx_word' id='word_1_102' title='bbox 470 1892 516 1955; x_wconf 86' lang='lat' dir='ltr'><strong>ita</strong></span> <span class='ocrx_word' id='word_1_103' title='bbox 539 1896 574 1953; x_wconf 89' lang='lat' dir='ltr'><strong>ut</strong></span> <span class='ocrx_word' id='word_1_104' title='bbox 588 1894 698 1954; x_wconf 89' lang='lat' dir='ltr'><strong>nostro</strong></span> <span class='ocrx_word' id='word_1_105' title='bbox 720 1911 864 1955; x_wconf 89' lang='lat' dir='ltr'><strong>sermone</strong></span> <span class='ocrx_word' id='word_1_106' title='bbox 886 1890 1066 1956; x_wconf 87' lang='lat' dir='ltr'><strong>reddendus</strong></span> <span class='ocrx_word' id='word_1_107' title='bbox 1089 1892 1131 1955; x_wconf 92' lang='lat' dir='ltr'><strong>sit</strong></span> <span class='ocrx_word' id='word_1_108' title='bbox 1151 1891 1255 1957; x_wconf 88' lang='lat' dir='ltr'><strong>locus:</strong></span> 
     </span>
     <span class='ocr_line' id='line_1_17' title="bbox 124 1992 1258 2078; baseline -0.001 -20"><span class='ocrx_word' id='word_1_109' title='bbox 124 1993 230 2076; x_wconf 87' lang='lat' dir='ltr'><strong>g&#39;rade</strong></span> <span class='ocrx_word' id='word_1_110' title='bbox 252 1994 301 2057; x_wconf 91' lang='lat' dir='ltr'><strong>als</strong></span> <span class='ocrx_word' id='word_1_111' title='bbox 323 1993 363 2058; x_wconf 91' lang='lat' dir='ltr'><strong>ob</strong></span> <span class='ocrx_word' id='word_1_112' title='bbox 391 1995 436 2058; x_wconf 89' lang='lat' dir='ltr'><strong>sie</strong></span> <span class='ocrx_word' id='word_1_113' title='bbox 463 1992 566 2058; x_wconf 89' lang='lat' dir='ltr'><strong>einem</strong></span> <span class='ocrx_word' id='word_1_114' title='bbox 597 1993 736 2058; x_wconf 88' lang='lat' dir='ltr'><strong>dictator</strong></span> <span class='ocrx_word' id='word_1_115' title='bbox 759 1993 874 2070; x_wconf 80' lang='lat' dir='ltr'><strong>Caesar</strong></span> <span class='ocrx_word' id='word_1_116' title='bbox 902 1995 978 2059; x_wconf 90' lang='lat' dir='ltr'><strong>oder</strong></span> <span class='ocrx_word' id='word_1_117' title='bbox 999 1995 1100 2059; x_wconf 92' lang='lat' dir='ltr'><strong>einem</strong></span> <span class='ocrx_word' id='word_1_118' title='bbox 1122 1995 1258 2078; x_wconf 89' lang='lat' dir='ltr'><strong>impera·</strong></span> 
     </span>
     <span class='ocr_line' id='line_1_18' title="bbox 124 2095 1257 2179; baseline 0.002 -19"><span class='ocrx_word' id='word_1_119' title='bbox 124 2102 175 2160; x_wconf 89' lang='lat' dir='ltr'><strong>tor</strong></span> <span class='ocrx_word' id='word_1_120' title='bbox 198 2099 357 2177; x_wconf 83' lang='lat' dir='ltr'><strong>Augustus</strong></span> <span class='ocrx_word' id='word_1_121' title='bbox 380 2096 437 2159; x_wconf 90' lang='lat' dir='ltr'><strong>das</strong></span> <span class='ocrx_word' id='word_1_122' title='bbox 459 2095 571 2176; x_wconf 89' lang='lat' dir='ltr'><strong>geleite</strong></span> <span class='ocrx_word' id='word_1_123' title='bbox 595 2097 710 2179; x_wconf 83' lang='lat' dir='ltr'><strong>g&#39;aiben,</strong></span> <span class='ocrx_word' id='word_1_124' title='bbox 747 2096 954 2161; x_wconf 85' lang='lat' dir='ltr'><strong>wettoiferten</strong></span> <span class='ocrx_word' id='word_1_125' title='bbox 979 2097 1024 2160; x_wconf 91' lang='lat' dir='ltr'><strong>sie</strong></span> <span class='ocrx_word' id='word_1_126' title='bbox 1054 2103 1112 2161; x_wconf 86' lang='lat' dir='ltr'><strong>etc.</strong></span> <span class='ocrx_word' id='word_1_127' title='bbox 1158 2097 1257 2162; x_wconf 88' lang='lat' dir='ltr'><strong>Voca-</strong></span> 
     </span>
     <span class='ocr_line' id='line_1_19' title="bbox 123 2197 1257 2281; baseline 0 -19"><span class='ocrx_word' id='word_1_128' title='bbox 123 2198 198 2263; x_wconf 93' lang='lat' dir='ltr'><strong>bulo</strong></span> <span class='ocrx_word' id='word_1_129' title='bbox 221 2198 368 2281; x_wconf 84' lang='lat' dir='ltr'><strong>„g’rade“</strong></span> <span class='ocrx_word' id='word_1_130' title='bbox 390 2197 439 2262; x_wconf 90' lang='lat' dir='ltr'><strong>vel</strong></span> <span class='ocrx_word' id='word_1_131' title='bbox 460 2204 580 2279; x_wconf 61' lang='lat' dir='ltr'><strong>‚sganz“</strong></span> <span class='ocrx_word' id='word_1_132' title='bbox 596 2205 702 2263; x_wconf 88' lang='lat' dir='ltr'><strong>autem</strong></span> <span class='ocrx_word' id='word_1_133' title='bbox 725 2201 774 2264; x_wconf 89' lang='lat' dir='ltr'><strong>usi</strong></span> <span class='ocrx_word' id='word_1_134' title='bbox 797 2218 920 2277; x_wconf 90' lang='lat' dir='ltr'><strong>sumus,</strong></span> <span class='ocrx_word' id='word_1_135' title='bbox 943 2206 981 2263; x_wconf 91' lang='lat' dir='ltr'><strong>ut</strong></span> <span class='ocrx_word' id='word_1_136' title='bbox 1002 2199 1138 2281; x_wconf 90' lang='lat' dir='ltr'><strong>speciem</strong></span> <span class='ocrx_word' id='word_1_137' title='bbox 1160 2199 1257 2278; x_wconf 88' lang='lat' dir='ltr'><strong>illam,</strong></span> 
     </span>
     <span class='ocr_line' id='line_1_20' title="bbox 123 2300 1258 2386; baseline 0.003 -22"><span class='ocrx_word' id='word_1_138' title='bbox 123 2300 259 2382; x_wconf 91' lang='lat' dir='ltr'><strong>quaein</strong></span> <span class='ocrx_word' id='word_1_139' title='bbox 285 2321 429 2365; x_wconf 91' lang='lat' dir='ltr'><strong>sermone</strong></span> <span class='ocrx_word' id='word_1_140' title='bbox 452 2300 552 2364; x_wconf 88' lang='lat' dir='ltr'><strong>latino</strong></span> <span class='ocrx_word' id='word_1_141' title='bbox 576 2303 810 2386; x_wconf 86' lang='lat' dir='ltr'><strong>praepositione</strong></span> <span class='ocrx_word' id='word_1_142' title='bbox 832 2301 994 2366; x_wconf 88' lang='lat' dir='ltr'><strong>enunciati</strong></span> <span class='ocrx_word' id='word_1_143' title='bbox 1015 2301 1150 2380; x_wconf 87' lang='lat' dir='ltr'><strong>relativi,</strong></span> <span class='ocrx_word' id='word_1_144' title='bbox 1173 2302 1258 2384; x_wconf 90' lang='lat' dir='ltr'><strong>quod</strong></span> 
     </span>
     <span class='ocr_line' id='line_1_21' title="bbox 124 2403 1259 2487; baseline 0.004 -22"><span class='ocrx_word' id='word_1_145' title='bbox 124 2403 305 2467; x_wconf 88' lang='lat' dir='ltr'><strong>enunciat-io</strong></span> <span class='ocrx_word' id='word_1_146' title='bbox 328 2403 578 2467; x_wconf 86' lang='lat' dir='ltr'><strong>demonstrativa</strong></span> <span class='ocrx_word' id='word_1_147' title='bbox 599 2403 757 2486; x_wconf 87' lang='lat' dir='ltr'><strong>sequitur,</strong></span> <span class='ocrx_word' id='word_1_148' title='bbox 780 2403 894 2468; x_wconf 87' lang='lat' dir='ltr'><strong>effecta</strong></span> <span class='ocrx_word' id='word_1_149' title='bbox 916 2408 978 2480; x_wconf 92' lang='lat' dir='ltr'><strong>est,</strong></span> <span class='ocrx_word' id='word_1_150' title='bbox 1000 2408 1112 2468; x_wconf 89' lang='lat' dir='ltr'><strong>nostra</strong></span> <span class='ocrx_word' id='word_1_151' title='bbox 1134 2425 1259 2487; x_wconf 88' lang='lat' dir='ltr'><strong>quoque</strong></span> 
     </span>
     <span class='ocr_line' id='line_1_22' title="bbox 124 2504 512 2587; baseline 0 -19"><span class='ocrx_word' id='word_1_152' title='bbox 124 2504 234 2586; x_wconf 89' lang='lat' dir='ltr'><strong>lingua</strong></span> <span class='ocrx_word' id='word_1_153' title='bbox 257 2505 512 2587; x_wconf 88' lang='lat' dir='ltr'><strong>exprimeremus.</strong></span> 
     </span>
    </p>

    <p class='ocr_par' dir='ltr' id='par_1_6' title="bbox 123 2606 1258 2896">
     <span class='ocr_line' id='line_1_23' title="bbox 208 2606 1258 2692; baseline 0.004 -22"><span class='ocrx_word' id='word_1_154' title='bbox 208 2606 290 2670; x_wconf 90' lang='lat' dir='ltr'><strong>Hist.</strong></span> <span class='ocrx_word' id='word_1_155' title='bbox 303 2606 362 2684; x_wconf 88' lang='lat' dir='ltr'><strong>Ill,</strong></span> <span class='ocrx_word' id='word_1_156' title='bbox 374 2608 460 2688; x_wconf 93' lang='lat' dir='ltr'>XIX,</span> <span class='ocrx_word' id='word_1_157' title='bbox 472 2613 499 2673; x_wconf 87' lang='lat'><strong>3.</strong></span> <span class='ocrx_word' id='word_1_158' title='bbox 523 2608 648 2692; x_wconf 83' lang='lat' dir='ltr'><strong>„thue</strong></span> <span class='ocrx_word' id='word_1_159' title='bbox 664 2609 806 2673; x_wconf 90' lang='lat' dir='ltr'><strong>cumulos</strong></span> <span class='ocrx_word' id='word_1_160' title='bbox 828 2628 923 2691; x_wconf 91' lang='lat' dir='ltr'><strong>super</strong></span> <span class='ocrx_word' id='word_1_161' title='bbox 945 2613 978 2671; x_wconf 88' lang='lat' dir='ltr'><strong>et</strong></span> <span class='ocrx_word' id='word_1_162' title='bbox 998 2609 1140 2672; x_wconf 85' lang='lat' dir='ltr'><strong>recentia</strong></span> <span class='ocrx_word' id='word_1_163' title='bbox 1161 2609 1258 2674; x_wconf 89' lang='lat' dir='ltr'><strong>caede</strong></span> 
     </span>
     <span class='ocr_line' id='line_1_24' title="bbox 123 2710 1257 2795; baseline 0.003 -20"><span class='ocrx_word' id='word_1_164' title='bbox 123 2710 255 2792; x_wconf 87' lang='lat' dir='ltr'><strong>vestigia</strong></span> <span class='ocrx_word' id='word_1_165' title='bbox 278 2710 446 2788; x_wconf 89' lang='lat' dir='ltr'><strong>incessere,</strong></span> <span class='ocrx_word' id='word_1_166' title='bbox 469 2711 560 2795; x_wconf 88' lang='lat' dir='ltr'><strong>quasi</strong></span> <span class='ocrx_word' id='word_1_167' title='bbox 580 2710 775 2775; x_wconf 90' lang='lat' dir='ltr'><strong>debellatum</strong></span> <span class='ocrx_word' id='word_1_168' title='bbox 796 2711 892 2788; x_wconf 84' lang='lat' dir='ltr'><strong>foret,</strong></span> <span class='ocrx_word' id='word_1_169' title='bbox 915 2730 1046 2793; x_wconf 88' lang='lat' dir='ltr'><strong>porgere</strong></span> <span class='ocrx_word' id='word_1_170' title='bbox 1068 2710 1257 2778; x_wconf 83' lang='lat' dir='ltr'><strong>Cremonam</strong></span> 
     </span>
     <span class='ocr_line' id='line_1_25' title="bbox 123 2813 1221 2896; baseline 0.004 -21"><span class='ocrx_word' id='word_1_171' title='bbox 123 2822 155 2875; x_wconf 88' lang='lat' dir='ltr'><strong>et</strong></span> <span class='ocrx_word' id='word_1_172' title='bbox 178 2813 276 2876; x_wconf 90' lang='lat' dir='ltr'><strong>victos</strong></span> <span class='ocrx_word' id='word_1_173' title='bbox 298 2814 332 2876; x_wconf 92' lang='lat' dir='ltr'><strong>in</strong></span> <span class='ocrx_word' id='word_1_174' title='bbox 354 2814 545 2880; x_wconf 91' lang='lat' dir='ltr'><strong>deditionem</strong></span> <span class='ocrx_word' id='word_1_175' title='bbox 569 2814 711 2896; x_wconf 87' lang='lat' dir='ltr'><strong>accipere</strong></span> <span class='ocrx_word' id='word_1_176' title='bbox 732 2820 790 2877; x_wconf 89' lang='lat' dir='ltr'><strong>aut</strong></span> <span class='ocrx_word' id='word_1_177' title='bbox 810 2833 992 2896; x_wconf 88' lang='lat' dir='ltr'><strong>expugnare</strong></span> <span class='ocrx_word' id='word_1_178' title='bbox 1016 2813 1221 2896; x_wconf 55' lang='lat' dir='ltr'><strong>deposcente</strong></span> 
     </span>
    </p>

    <p class='ocr_par' dir='ltr' id='par_1_7' title="bbox 122 2915 1258 3612">
     <span class='ocr_line' id='line_1_26' title="bbox 207 2915 1258 3000; baseline 0.003 -20"><span class='ocrx_word' id='word_1_179' title='bbox 207 2916 239 2980; x_wconf 86' lang='lat' dir='ltr'><strong>si</strong></span> <span class='ocrx_word' id='word_1_180' title='bbox 262 2916 433 2981; x_wconf 88' lang='lat' dir='ltr'><strong>contuleris</strong></span> <span class='ocrx_word' id='word_1_181' title='bbox 456 2938 524 3000; x_wconf 91' lang='lat' dir='ltr'><strong>cap.</strong></span> <span class='ocrx_word' id='word_1_182' title='bbox 541 2916 617 2981; x_wconf 90' lang='lat' dir='ltr'><strong>XXI</strong></span> <span class='ocrx_word' id='word_1_183' title='bbox 639 2915 714 2980; x_wconf 90' lang='lat' dir='ltr'><strong>libri</strong></span> <span class='ocrx_word' id='word_1_184' title='bbox 737 2916 837 2995; x_wconf 91' lang='lat' dir='ltr'><strong>tertii,</strong></span> <span class='ocrx_word' id='word_1_185' title='bbox 860 2937 921 2999; x_wconf 92' lang='lat' dir='ltr'><strong>quo</strong></span> <span class='ocrx_word' id='word_1_186' title='bbox 944 2927 1109 2995; x_wconf 89' lang='lat' dir='ltr'><strong>narratur,</strong></span> <span class='ocrx_word' id='word_1_187' title='bbox 1136 2938 1190 2982; x_wconf 87' lang='lat' dir='ltr'><strong>sex</strong></span> <span class='ocrx_word' id='word_1_188' title='bbox 1213 2918 1258 2983; x_wconf 88' lang='lat' dir='ltr'><strong>le-</strong></span> 
     </span>
     <span class='ocr_line' id='line_1_27' title="bbox 123 3017 1257 3103; baseline 0.002 -20"><span class='ocrx_word' id='word_1_189' title='bbox 123 3021 231 3102; x_wconf 84' lang='lat' dir='ltr'><strong>giones</strong></span> <span class='ocrx_word' id='word_1_190' title='bbox 260 3040 449 3103; x_wconf 90' lang='lat' dir='ltr'><strong>omnemque</strong></span> <span class='ocrx_word' id='word_1_191' title='bbox 478 3020 665 3095; x_wconf 86' lang='lat' dir='ltr'><strong>exercitum,</strong></span> <span class='ocrx_word' id='word_1_192' title='bbox 706 3017 841 3082; x_wconf 88' lang='lat' dir='ltr'><strong>Hostilia</strong></span> <span class='ocrx_word' id='word_1_193' title='bbox 870 3025 1010 3082; x_wconf 88' lang='lat' dir='ltr'><strong>amotum</strong></span> <span class='ocrx_word' id='word_1_194' title='bbox 1038 3018 1072 3082; x_wconf 92' lang='lat' dir='ltr'><strong>in</strong></span> <span class='ocrx_word' id='word_1_195' title='bbox 1101 3021 1257 3103; x_wconf 89' lang='lat' dir='ltr'><strong>proelium</strong></span> 
     </span>
     <span class='ocr_line' id='line_1_28' title="bbox 123 3120 1257 3204; baseline 0.001 -18"><span class='ocrx_word' id='word_1_196' title='bbox 123 3122 246 3204; x_wconf 86' lang='lat' dir='ltr'><strong>accingi</strong></span> <span class='ocrx_word' id='word_1_197' title='bbox 268 3143 305 3186; x_wconf 91' lang='lat' dir='ltr'><strong>ao</strong></span> <span class='ocrx_word' id='word_1_198' title='bbox 334 3123 397 3185; x_wconf 91' lang='lat' dir='ltr'><strong>iam</strong></span> <span class='ocrx_word' id='word_1_199' title='bbox 426 3121 551 3197; x_wconf 83' lang='lat' dir='ltr'><strong>adfore,</strong></span> <span class='ocrx_word' id='word_1_200' title='bbox 586 3128 618 3185; x_wconf 88' lang='lat' dir='ltr'><strong>et</strong></span> <span class='ocrx_word' id='word_1_201' title='bbox 639 3142 730 3204; x_wconf 88' lang='lat' dir='ltr'><strong>capp.</strong></span> <span class='ocrx_word' id='word_1_202' title='bbox 751 3120 844 3184; x_wconf 92' lang='lat' dir='ltr'>XXII</span> <span class='ocrx_word' id='word_1_203' title='bbox 866 3125 899 3185; x_wconf 90' lang='lat' dir='ltr'><strong>et</strong></span> <span class='ocrx_word' id='word_1_204' title='bbox 921 3120 1046 3200; x_wconf 85' lang='lat' dir='ltr'>XXIII,</span> <span class='ocrx_word' id='word_1_205' title='bbox 1069 3122 1184 3204; x_wconf 86' lang='lat' dir='ltr'><strong>quibus</strong></span> <span class='ocrx_word' id='word_1_206' title='bbox 1208 3144 1257 3187; x_wconf 85' lang='lat' dir='ltr'><strong>ve·</strong></span> 
     </span>
     <span class='ocr_line' id='line_1_29' title="bbox 122 3222 1256 3305; baseline 0.001 -17"><span class='ocrx_word' id='word_1_207' title='bbox 122 3224 360 3289; x_wconf 89' lang='lat' dir='ltr'><strong>hementissima</strong></span> <span class='ocrx_word' id='word_1_208' title='bbox 395 3232 427 3288; x_wconf 91' lang='lat' dir='ltr'><strong>et</strong></span> <span class='ocrx_word' id='word_1_209' title='bbox 460 3223 658 3288; x_wconf 88' lang='lat' dir='ltr'><strong>atrocissima</strong></span> <span class='ocrx_word' id='word_1_210' title='bbox 690 3222 811 3305; x_wconf 90' lang='lat' dir='ltr'><strong>proelia</strong></span> <span class='ocrx_word' id='word_1_211' title='bbox 834 3222 919 3305; x_wconf 91' lang='lat' dir='ltr'><strong>apud</strong></span> <span class='ocrx_word' id='word_1_212' title='bbox 942 3222 1130 3288; x_wconf 85' lang='lat' dir='ltr'><strong>Cremonam</strong></span> <span class='ocrx_word' id='word_1_213' title='bbox 1161 3225 1256 3304; x_wconf 86' lang='lat' dir='ltr'><strong>facta,</strong></span> 
     </span>
     <span class='ocr_line' id='line_1_30' title="bbox 123 3324 1256 3408; baseline -0.002 -16"><span class='ocrx_word' id='word_1_214' title='bbox 123 3329 356 3405; x_wconf 86' lang='lat' dir='ltr'><strong>describuntur,</strong></span> <span class='ocrx_word' id='word_1_215' title='bbox 394 3334 480 3390; x_wconf 86' lang='lat' dir='ltr'><strong>certo</strong></span> <span class='ocrx_word' id='word_1_216' title='bbox 510 3325 667 3408; x_wconf 86' lang='lat' dir='ltr'><strong>intelliges</strong></span> <span class='ocrx_word' id='word_1_217' title='bbox 696 3324 772 3390; x_wconf 91' lang='lat' dir='ltr'><strong>illud</strong></span> <span class='ocrx_word' id='word_1_218' title='bbox 796 3324 907 3407; x_wconf 89' lang='lat' dir='ltr'><strong>„quasi</strong></span> <span class='ocrx_word' id='word_1_219' title='bbox 929 3324 1123 3390; x_wconf 89' lang='lat' dir='ltr'><strong>debellatum</strong></span> <span class='ocrx_word' id='word_1_220' title='bbox 1144 3327 1256 3407; x_wconf 81' lang='lat' dir='ltr'><strong>foret‘,</strong></span> 
     </span>
     <span class='ocr_line' id='line_1_31' title="bbox 123 3428 1256 3514; baseline 0 -20"><span class='ocrx_word' id='word_1_221' title='bbox 123 3452 193 3494; x_wconf 90' lang='lat' dir='ltr'><strong>cum</strong></span> <span class='ocrx_word' id='word_1_222' title='bbox 216 3431 326 3514; x_wconf 87' lang='lat' dir='ltr'><strong>aliqua</strong></span> <span class='ocrx_word' id='word_1_223' title='bbox 348 3431 491 3494; x_wconf 89' lang='lat' dir='ltr'><strong>veritatis</strong></span> <span class='ocrx_word' id='word_1_224' title='bbox 513 3430 615 3513; x_wconf 89' lang='lat' dir='ltr'><strong>specie</strong></span> <span class='ocrx_word' id='word_1_225' title='bbox 637 3428 786 3494; x_wconf 90' lang='lat' dir='ltr'><strong>contendi</strong></span> <span class='ocrx_word' id='word_1_226' title='bbox 808 3448 871 3492; x_wconf 93' lang='lat' dir='ltr'><strong>non</strong></span> <span class='ocrx_word' id='word_1_227' title='bbox 893 3429 1047 3511; x_wconf 86' lang='lat' dir='ltr'><strong>potuisse,</strong></span> <span class='ocrx_word' id='word_1_228' title='bbox 1077 3428 1200 3510; x_wconf 88' lang='lat' dir='ltr'><strong>quade</strong></span> <span class='ocrx_word' id='word_1_229' title='bbox 1221 3450 1256 3494; x_wconf 88' lang='lat' dir='ltr'><strong>re</strong></span> 
     </span>
     <span class='ocr_line' id='line_1_32' title="bbox 122 3529 1255 3612; baseline -0.002 -15"><span class='ocrx_word' id='word_1_230' title='bbox 122 3533 384 3599; x_wconf 86' lang='lat' dir='ltr'><strong>transvertendus</strong></span> <span class='ocrx_word' id='word_1_231' title='bbox 407 3539 454 3596; x_wconf 88' lang='lat' dir='ltr'><strong>est</strong></span> <span class='ocrx_word' id='word_1_232' title='bbox 476 3532 579 3596; x_wconf 89' lang='lat' dir='ltr'><strong>locus:</strong></span> <span class='ocrx_word' id='word_1_233' title='bbox 602 3531 650 3595; x_wconf 90' lang='lat' dir='ltr'><strong>als</strong></span> <span class='ocrx_word' id='word_1_234' title='bbox 673 3531 712 3596; x_wconf 94' lang='lat' dir='ltr'><strong>ob</strong></span> <span class='ocrx_word' id='word_1_235' title='bbox 728 3531 785 3595; x_wconf 90' lang='lat' dir='ltr'><strong>der</strong></span> <span class='ocrx_word' id='word_1_236' title='bbox 806 3530 896 3612; x_wconf 85' lang='lat' dir='ltr'><strong>krieg</strong></span> <span class='ocrx_word' id='word_1_237' title='bbox 917 3529 1120 3594; x_wconf 88' lang='lat' dir='ltr'><strong>entschieden</strong></span> <span class='ocrx_word' id='word_1_238' title='bbox 1144 3534 1255 3595; x_wconf 57' lang='lat' dir='ltr'><strong>witra&amp;</strong></span> 
     </span>
    </p>

    <p class='ocr_par' dir='ltr' id='par_1_8' title="bbox 121 3631 1257 4332">
     <span class='ocr_line' id='line_1_33' title="bbox 207 3631 1256 3717; baseline -0.001 -18"><span class='ocrx_word' id='word_1_239' title='bbox 207 3635 256 3699; x_wconf 89' lang='lat' dir='ltr'><strong>Ex</strong></span> <span class='ocrx_word' id='word_1_240' title='bbox 279 3634 461 3708; x_wconf 83' lang='lat' dir='ltr'><strong>annalibus,</strong></span> <span class='ocrx_word' id='word_1_241' title='bbox 485 3655 566 3716; x_wconf 90' lang='lat' dir='ltr'><strong>quae</strong></span> <span class='ocrx_word' id='word_1_242' title='bbox 588 3639 780 3717; x_wconf 90' lang='lat' dir='ltr'><strong>sequuntur,</strong></span> <span class='ocrx_word' id='word_1_243' title='bbox 803 3638 931 3698; x_wconf 85' lang='lat' dir='ltr'><strong>exstant</strong></span> <span class='ocrx_word' id='word_1_244' title='bbox 952 3631 1115 3714; x_wconf 85' lang='lat' dir='ltr'><strong>exempla:</strong></span> <span class='ocrx_word' id='word_1_245' title='bbox 1140 3633 1256 3698; x_wconf 89' lang='lat' dir='ltr'><strong>Annal.</strong></span> 
     </span>
     <span class='ocr_line' id='line_1_34' title="bbox 124 3720 1257 3820; baseline -0.004 -17"><span class='ocrx_word' id='word_1_246' title='bbox 124 3739 164 3816; x_wconf 91' lang='lat' dir='ltr'><strong>II,</strong></span> <span class='ocrx_word' id='word_1_247' title='bbox 187 3737 332 3814; x_wconf 89' lang='lat' dir='ltr'>XXXVI,</span> <span class='ocrx_word' id='word_1_248' title='bbox 356 3743 385 3802; x_wconf 82' lang='lat'><strong>7.</strong></span> <span class='ocrx_word' id='word_1_249' title='bbox 421 3736 584 3815; x_wconf 86' lang='lat' dir='ltr'><strong>„Tiberius</strong></span> <span class='ocrx_word' id='word_1_250' title='bbox 621 3743 747 3813; x_wconf 89' lang='lat' dir='ltr'><strong>tamen,</strong></span> <span class='ocrx_word' id='word_1_251' title='bbox 784 3735 875 3820; x_wconf 90' lang='lat' dir='ltr'><strong>quasi</strong></span> <span class='ocrx_word' id='word_1_252' title='bbox 911 3720 1081 3816; x_wconf 82' lang='lat' dir='ltr'><strong>augeretur</strong></span> <span class='ocrx_word' id='word_1_253' title='bbox 1116 3739 1257 3817; x_wconf 89' lang='lat' dir='ltr'><strong>potestas</strong></span> 
     </span>
     <span class='ocr_line' id='line_1_35' title="bbox 122 3837 1257 3922; baseline -0.004 -17"><span class='ocrx_word' id='word_1_254' title='bbox 122 3842 189 3906; x_wconf 90' lang='lat' dir='ltr'><strong>eius</strong></span> <span class='ocrx_word' id='word_1_255' title='bbox 218 3839 381 3905; x_wconf 89' lang='lat' dir='ltr'><strong>disseruit:</strong></span> <span class='ocrx_word' id='word_1_256' title='bbox 420 3860 515 3922; x_wconf 86' lang='lat' dir='ltr'><strong>grave</strong></span> <span class='ocrx_word' id='word_1_257' title='bbox 546 3839 754 3903; x_wconf 89' lang='lat' dir='ltr'><strong>moderationi</strong></span> <span class='ocrx_word' id='word_1_258' title='bbox 787 3858 862 3903; x_wconf 89' lang='lat' dir='ltr'><strong>suae</strong></span> <span class='ocrx_word' id='word_1_259' title='bbox 886 3842 933 3901; x_wconf 88' lang='lat' dir='ltr'><strong>tot</strong></span> <span class='ocrx_word' id='word_1_260' title='bbox 956 3837 1088 3918; x_wconf 84' lang='lat' dir='ltr'><strong>eligere,</strong></span> <span class='ocrx_word' id='word_1_261' title='bbox 1126 3843 1174 3901; x_wconf 91' lang='lat' dir='ltr'><strong>tot</strong></span> <span class='ocrx_word' id='word_1_262' title='bbox 1196 3837 1257 3901; x_wconf 85' lang='lat' dir='ltr'><strong>dil·</strong></span> 
     </span>
     <span class='ocr_line' id='line_1_36' title="bbox 121 3938 1255 4022; baseline -0.002 -16"><span class='ocrx_word' id='word_1_263' title='bbox 121 3943 236 4007; x_wconf 62' lang='lat' dir='ltr'><strong>ferret</strong></span> <span class='ocrx_word' id='word_1_264' title='bbox 282 3942 358 4018; x_wconf 84' lang='lat' dir='ltr'><strong>„Ala</strong></span> <span class='ocrx_word' id='word_1_265' title='bbox 381 3942 420 4005; x_wconf 95' lang='lat' dir='ltr'><strong>ob</strong></span> <span class='ocrx_word' id='word_1_266' title='bbox 452 3942 536 4005; x_wconf 90' lang='lat' dir='ltr'><strong>seine</strong></span> <span class='ocrx_word' id='word_1_267' title='bbox 565 3941 763 4022; x_wconf 88' lang='lat' dir='ltr'><strong>amtsgewalt</strong></span> <span class='ocrx_word' id='word_1_268' title='bbox 784 3962 823 4004; x_wconf 84' lang='lat' dir='ltr'><strong>nu</strong></span> <span class='ocrx_word' id='word_1_269' title='bbox 846 3939 920 4004; x_wconf 88' lang='lat' dir='ltr'><strong>sehr</strong></span> <span class='ocrx_word' id='word_1_270' title='bbox 942 3939 1101 4002; x_wconf 85' lang='lat' dir='ltr'><strong>erweitert</strong></span> <span class='ocrx_word' id='word_1_271' title='bbox 1122 3938 1255 4004; x_wconf 85' lang='lat' dir='ltr'><strong>werde“.</strong></span> 
     </span>
     <span class='ocr_line' id='line_1_37' title="bbox 122 4039 1256 4128; baseline -0.006 -17"><span class='ocrx_word' id='word_1_272' title='bbox 122 4047 221 4123; x_wconf 93' lang='lat' dir='ltr'><strong>Nam,</strong></span> <span class='ocrx_word' id='word_1_273' title='bbox 244 4067 306 4128; x_wconf 90' lang='lat' dir='ltr'><strong>quo</strong></span> <span class='ocrx_word' id='word_1_274' title='bbox 330 4065 423 4108; x_wconf 89' lang='lat' dir='ltr'><strong>sensu</strong></span> <span class='ocrx_word' id='word_1_275' title='bbox 446 4043 525 4107; x_wconf 90' lang='lat' dir='ltr'><strong>haec</strong></span> <span class='ocrx_word' id='word_1_276' title='bbox 547 4043 643 4106; x_wconf 84' lang='lat' dir='ltr'><strong>verba</strong></span> <span class='ocrx_word' id='word_1_277' title='bbox 665 4045 800 4125; x_wconf 89' lang='lat' dir='ltr'><strong>scriptor</strong></span> <span class='ocrx_word' id='word_1_278' title='bbox 821 4041 957 4122; x_wconf 87' lang='lat' dir='ltr'><strong>intelligi</strong></span> <span class='ocrx_word' id='word_1_279' title='bbox 980 4039 1124 4116; x_wconf 82' lang='lat' dir='ltr'><strong>voluerit,</strong></span> <span class='ocrx_word' id='word_1_280' title='bbox 1146 4047 1256 4122; x_wconf 84' lang='lat' dir='ltr'><strong>aperte</strong></span> 
     </span>
     <span class='ocr_line' id='line_1_38' title="bbox 122 4141 1256 4228; baseline -0.007 -16"><span class='ocrx_word' id='word_1_281' title='bbox 122 4150 226 4213; x_wconf 89' lang='lat' dir='ltr'><strong>elucet</strong></span> <span class='ocrx_word' id='word_1_282' title='bbox 249 4169 287 4212; x_wconf 85' lang='lat' dir='ltr'><strong>ex</strong></span> <span class='ocrx_word' id='word_1_283' title='bbox 310 4145 484 4223; x_wconf 88' lang='lat' dir='ltr'><strong>sententia,</strong></span> <span class='ocrx_word' id='word_1_284' title='bbox 513 4165 608 4228; x_wconf 90' lang='lat' dir='ltr'><strong>quam</strong></span> <span class='ocrx_word' id='word_1_285' title='bbox 630 4145 663 4210; x_wconf 90' lang='lat' dir='ltr'><strong>in</strong></span> <span class='ocrx_word' id='word_1_286' title='bbox 686 4144 749 4210; x_wconf 88' lang='lat' dir='ltr'><strong>fine</strong></span> <span class='ocrx_word' id='word_1_287' title='bbox 770 4145 885 4228; x_wconf 90' lang='lat' dir='ltr'><strong>capitis</strong></span> <span class='ocrx_word' id='word_1_288' title='bbox 908 4144 1029 4227; x_wconf 90' lang='lat' dir='ltr'><strong>posuit:</strong></span> <span class='ocrx_word' id='word_1_289' title='bbox 1069 4141 1256 4220; x_wconf 83' lang='lat' dir='ltr'><strong>„favorabili</strong></span> 
     </span>
     <span class='ocr_line' id='line_1_39' title="bbox 121 4243 1254 4332; baseline -0.006 -18"><span class='ocrx_word' id='word_1_290' title='bbox 121 4251 153 4314; x_wconf 90' lang='lat' dir='ltr'><strong>in</strong></span> <span class='ocrx_word' id='word_1_291' title='bbox 176 4250 306 4332; x_wconf 81' lang='lat' dir='ltr'><strong>speciem</strong></span> <span class='ocrx_word' id='word_1_292' title='bbox 329 4249 471 4312; x_wconf 88' lang='lat' dir='ltr'><strong>oratione</strong></span> <span class='ocrx_word' id='word_1_293' title='bbox 495 4249 557 4311; x_wconf 86' lang='lat' dir='ltr'><strong>vim</strong></span> <span class='ocrx_word' id='word_1_294' title='bbox 585 4247 709 4331; x_wconf 90' lang='lat' dir='ltr'><strong>imperii</strong></span> <span class='ocrx_word' id='word_1_295' title='bbox 738 4248 873 4312; x_wconf 65' lang='lat' dir='ltr'><strong>ceruice</strong></span> <span class='ocrx_word' id='word_1_296' title='bbox 918 4246 964 4310; x_wconf 91' lang='lat' dir='ltr'><strong>Re</strong></span> <span class='ocrx_word' id='word_1_297' title='bbox 984 4243 1071 4309; x_wconf 71' lang='lat' dir='ltr'><strong>‘enim</strong></span> <span class='ocrx_word' id='word_1_298' title='bbox 1094 4263 1177 4308; x_wconf 69' lang='lat' dir='ltr'><strong>vera,</strong></span> <span class='ocrx_word' id='word_1_299' title='bbox 1191 4264 1254 4307; x_wconf 92' lang='lat' dir='ltr'><strong>non</strong></span> 
     </span>
    </p>
   </div>
   <div class='ocr_carea' id='block_1_3' title="bbox 0 0 1422 4814">
    <p class='ocr_par' dir='ltr' id='par_1_9' title="bbox 0 0 1422 4814">
     <span class='ocr_line' id='line_1_40' title="bbox 0 0 1422 4814; baseline 0 0"><span class='ocrx_word' id='word_1_300' title='bbox 0 0 1422 4814; x_wconf 95' lang='lat' dir='ltr'><strong> </strong></span> 
     </span>
    </p>
   </div>
  </div>
 </body>
</html>
