2836 4814
707 276 747 336 53

240 457 342 540 Agric.
365 457 539 536 XXXXVI,
565 462 613 522 18.
641 459 741 539 „Nam
771 458 888 524 multos
909 466 1049 525 veterum
1072 461 1159 526 velut
1184 460 1287 546 inglo-

155 559 220 623 rios
242 565 274 622 et
295 557 443 642 ignobilis
464 558 579 624 oblivio
601 560 722 626 obruit:
763 562 907 644 Agricola
936 563 1114 647 posteritati
1137 567 1286 628 narratus

155 666 188 726 et
209 660 349 726 traditus
370 665 530 745 superstes
551 663 641 729 crit“.

237 790 372 854 Videtur
393 791 520 855 Tacitus
547 789 580 855 in
612 793 763 858 memoria
790 792 928 858 tenuisse
949 792 1158 858 Horatianum
1185 791 1283 859 illud:

153 888 207 954 lib.
230 892 282 970 IV,
306 893 410 958 Germ.
434 892 496 957 IX:

407 1022 522 1088 Vixere
544 1022 641 1087 fortes
662 1029 737 1088 ante
760 1025 996 1106 Agamemnona

408 1123 517 1188 Multi:
540 1124 595 1189 sed
617 1146 725 1190 omnes
746 1126 979 1193 illacrimabiles

406 1214 567 1308 Urgentur
588 1227 751 1311 ignotique
772 1229 868 1311 longa

406 1326 520 1404 Nocte,
542 1334 652 1394 carent
673 1330 749 1414 quia
770 1337 842 1396 vate
864 1350 961 1396 sacro.

153 1451 199 1515 Cf.
225 1452 303 1516 Plin.
328 1474 398 1537 nep.
422 1454 501 1519 VIII
522 1476 570 1540 ep.
594 1461 647 1538 33,
670 1458 714 1524 VI
737 1458 828 1544 epist.
854 1463 902 1523 16.

237 1583 446 1669 Conspicuum
467 1590 515 1650 est
542 1585 602 1651 hac
631 1588 663 1652 in
686 1589 843 1654 sententia
872 1586 1060 1673 respondere
1084 1587 1150 1653 uoci
1173 1588 1282 1670 „Agri-

154 1685 270 1763 colae“,
293 1686 397 1769 priore
418 1688 451 1751 in
475 1689 614 1753 membro
637 1691 773 1769 „multos
795 1696 967 1756 veterum“.

236 1788 368 1866 Multos,
405 1791 540 1874 scriptor
561 1791 665 1856 dicere
686 1791 769 1870 vult,
806 1796 946 1858 veterum
969 1812 1031 1857 non
1054 1789 1157 1854 minus
1179 1789 1282 1854 claros

152 1895 185 1955 et
207 1891 359 1955 memoria
381 1891 491 1973 dignos
513 1913 608 1974 quam
632 1895 776 1978 Agricola
798 1900 882 1973 erat,
918 1894 1033 1960 oblivio
1056 1892 1174 1971 obruit,
1206 1890 1282 1974 quia

152 1992 278 2072 deerat,
301 1993 355 2075 qui
377 1995 556 2076 posteritati
578 2015 685 2060 eorum
708 1998 806 2062 vitam
828 1995 975 2080 factaque
996 1999 1143 2060 narraret
1164 1999 1196 2058 et
1217 1998 1306 2057 tra·

151 2094 250 2159 deret.
293 2095 361 2172 Quo
389 2095 508 2160 factum
539 2103 602 2175 est,
640 2104 677 2162 ut
705 2097 784 2163 falso
812 2097 966 2181 ignobiles
987 2102 1019 2162 et
1050 2096 1174 2180 inglorii
1196 2094 1282 2160 vide-

149 2201 269 2261 rentur.

233 2326 314 2391 Hist.
335 2327 358 2404 I,
375 2326 535 2405 LXXXII,
555 2331 601 2391 10.
627 2328 778 2415 „Postera
800 2329 850 2393 die
873 2329 960 2393 uelut
981 2332 1075 2411 copta
1096 2327 1173 2392 urbe
1195 2327 1281 2392 olau-

149 2448 202 2493 sae
226 2428 349 2506 domus,
371 2447 463 2491 rarus
484 2449 541 2512 per
561 2429 630 2493 vias
651 2430 800 2515 populus,
822 2436 943 2496 maesta
963 2429 1082 2514 plebs“.

233 2530 279 2594 Re
301 2550 375 2593 vera
394 2529 471 2594 urbs
492 2535 586 2614 capta
608 2551 670 2596 non
693 2537 771 2597 erat.

234 2659 315 2723 Hist.
339 2659 379 2736 Il,
401 2659 468 2737 XV,
493 2665 522 2724 8.
545 2662 611 2738 „Ac
634 2661 721 2726 uelut
742 2661 843 2745 pactis
864 2659 1012 2740 induciis;
1042 2682 1082 2725 ne
1103 2660 1177 2725 hinc
1199 2659 1278 2724 clas·

147 2762 189 2826 sis
210 2761 284 2826 inde
306 2781 401 2845 eques
423 2762 559 2827 subitam
582 2761 780 2828 formidinem
810 2762 979 2843 inferrent,
1007 2761 1170 2829 Vitelliani
1191 2766 1277 2826 retro

147 2863 317 2947 AntipoIIm
347 2863 561 2929 Narbonensis
590 2864 711 2931 Galliae
740 2865 960 2950 municipium,
997 2863 1168 2931 Othoniani
1193 2863 1277 2928 Albi·

146 2984 283 3048 gaunum
305 2966 463 3031 interioris
484 2966 630 3050 Liguriae
651 2972 838 3033 reverteret
1037 2981 1039 2986 ’

230 3067 306 3145 „Als
328 3068 367 3132 ob
390 3067 660 3134 weffenstillstaud
684 3069 882 3152 gesohlossen
904 3072 1016 3134 wdre‘t

230 3194 311 3258 Hist.
335 3194 393 3274 III,
415 3194 577 3274 XXXVII,
600 3199 628 3260 6.
659 3196 798 3278 (Patres)
827 3197 933 3276 „velut
958 3219 1016 3282 pro
1044 3197 1173 3265 Vitellio
1201 3219 1274 3264 con·

144 3301 327 3379 querentes,
349 3317 440 3362 suum
463 3296 603 3362 dolorem
625 3299 858 3383 proferebaut“.

230 3427 297 3491 Etsi
325 3447 364 3490 ex
386 3426 488 3492 Taciti
516 3425 618 3491 verbis
647 3447 709 3491 nou
740 3426 875 3492 dilucide
905 3434 1073 3512 appareat,
1109 3428 1192 3494 unde
1220 3429 1272 3496 bic

144 3526 235 3594 dolor
256 3533 345 3593 ortus
366 3528 424 3606 sit,
453 3534 559 3595 utrum
582 3550 621 3595 ex
642 3529 819 3613 proditione
841 3529 1008 3609 Caecinae,
1040 3550 1122 3614 quae
1150 3552 1270 3622 succes·

142 3653 212 3697 eum
233 3651 296 3694 non
319 3629 486 3709 habuerat,
508 3644 550 3695 an
572 3651 612 3696 ex
626 3633 740 3696 misero
762 3633 809 3696 rei
829 3631 973 3714 publicae
994 3636 1080 3697 statu
1101 3632 1134 3696 iu
1156 3633 1268 3699 talium

142 3737 329 3817 potestatem
359 3731 507 3816 delapsae
536 3732 587 3808 (of.
611 3753 679 3816 cap.
703 3736 744 3796 58
773 3732 916 3816 Plerique
949 3732 1034 3797 baud
1062 3735 1193 3817 perinde
1215 3736 1269 3801 Vi·

142 3834 279 3912 tellium,
301 3853 394 3916 quam
418 3853 525 3899 casum
547 3834 712 3917 locumque
733 3835 929 3920 principatus
944 3834 1197 3920 miserebantur),
1219 3843 1268 3903 ta-

140 3957 213 4000 men
234 3957 291 4020 pro
314 3941 399 4000 certo
421 3934 486 4000 fere
508 3936 684 4020 putandum
706 3941 769 4015 est,
790 3937 854 4000 iam
876 3941 943 4002 tum
966 3942 1125 4018 senatum,
1147 3940 1266 4006 Vitellii

139 4040 212 4105 odio
233 4039 412 4119 incensum,
442 4038 635 4121 Vespasiano
664 4038 801 4122 alienum
828 4039 958 4104 minime
986 4038 1091 4105 fuisse.
1135 4041 1182 4105 Ex
1203 4043 1266 4107 col·

138 4142 294 4208 locatione
316 4159 440 4225 quoque
462 4139 596 4226 duorum
625 4143 855 4206 enunciationis
882 4141 1093 4207 membrorum
1119 4143 1264 4209 concludi

137 4249 255 4328 potest,
278 4245 324 4309 eis
344 4243 512 4323 contineri,
542 4263 623 4326 quae
645 4263 739 4309 sensu
759 4245 918 4310 contraria
939 4243 1011 4309 sint.
1054 4244 1145 4310 Alius
1166 4245 1264 4330 igitur
