<?xml version="1.0" encoding="UTF-8"?>
<!DOCTYPE html PUBLIC "-//W3C//DTD XHTML 1.0 Transitional//EN"
    "http://www.w3.org/TR/xhtml1/DTD/xhtml1-transitional.dtd">
<html xmlns="http://www.w3.org/1999/xhtml" xml:lang="en" lang="en">
 <head>
  <title>
</title>
<meta http-equiv="Content-Type" content="text/html;charset=utf-8" />
  <meta name='ocr-system' content='tesseract 3.04.00' />
  <meta name='ocr-capabilities' content='ocr_page ocr_carea ocr_par ocr_line ocrx_word'/>
</head>
<body>
  <div class='ocr_page' id='page_1' title='image "./departicularumq00hahngoog_0018.png"; bbox 0 0 2836 4814; ppageno 0'>
   <div class='ocr_carea' id='block_1_1' title="bbox 696 284 733 346">
    <p class='ocr_par' dir='ltr' id='par_1_1' title="bbox 696 284 733 346">
     <span class='ocr_line' id='line_1_1' title="bbox 696 284 733 346; baseline 0.054 -2"><span class='ocrx_word' id='word_1_1' title='bbox 696 284 733 346; x_wconf 81' lang='lat'><strong>13</strong></span> 
     </span>
    </p>
   </div>
   <div class='ocr_carea' id='block_1_2' title="bbox 138 467 1279 4033">
    <p class='ocr_par' dir='ltr' id='par_1_2' title="bbox 139 467 1279 2394">
     <span class='ocr_line' id='line_1_2' title="bbox 144 467 1279 553; baseline 0.008 -26"><span class='ocrx_word' id='word_1_2' title='bbox 144 469 232 529; x_wconf 89' lang='lat' dir='ltr'><strong>recta</strong></span> <span class='ocrx_word' id='word_1_3' title='bbox 246 486 382 546; x_wconf 88' lang='lat' dir='ltr'><strong>severus,</strong></span> <span class='ocrx_word' id='word_1_4' title='bbox 405 467 545 532; x_wconf 88' lang='lat' dir='ltr'><strong>deterius</strong></span> <span class='ocrx_word' id='word_1_5' title='bbox 566 468 850 553; x_wconf 80' lang='lat' dir='ltr'><strong>interpretantibus</strong></span> <span class='ocrx_word' id='word_1_6' title='bbox 866 468 990 534; x_wconf 81' lang='lat' dir='ltr'>tristior</span> <span class='ocrx_word' id='word_1_7' title='bbox 1005 469 1203 534; x_wconf 71' lang='lat' dir='ltr'><strong>habebatur‘</strong></span> <span class='ocrx_word' id='word_1_8' title='bbox 1218 475 1279 536; x_wconf 82' lang='lat' dir='ltr'><strong>etc</strong></span> 
     </span>
     <span class='ocr_line' id='line_1_3' title="bbox 145 568 1279 655; baseline 0.006 -25"><span class='ocrx_word' id='word_1_9' title='bbox 145 573 177 630; x_wconf 90' lang='lat' dir='ltr'><strong>et</strong></span> <span class='ocrx_word' id='word_1_10' title='bbox 202 568 235 634; x_wconf 92' lang='lat' dir='ltr'><strong>in</strong></span> <span class='ocrx_word' id='word_1_11' title='bbox 250 569 547 652; x_wconf 83' lang='lat' dir='ltr'><strong>capXXXXVIII:</strong></span> <span class='ocrx_word' id='word_1_12' title='bbox 570 571 678 649; x_wconf 86' lang='lat' dir='ltr'><strong>„fama</strong></span> <span class='ocrx_word' id='word_1_13' title='bbox 700 571 854 636; x_wconf 88' lang='lat' dir='ltr'>nobiliore</span> <span class='ocrx_word' id='word_1_14' title='bbox 869 593 966 655; x_wconf 90' lang='lat' dir='ltr'><strong>quam</strong></span> <span class='ocrx_word' id='word_1_15' title='bbox 988 573 1147 637; x_wconf 77' lang='lat' dir='ltr'><strong>fortuna“¹</strong></span> <span class='ocrx_word' id='word_1_16' title='bbox 1184 573 1279 638; x_wconf 81' lang='lat' dir='ltr'><strong>Hisce</strong></span> 
     </span>
     <span class='ocr_line' id='line_1_4' title="bbox 146 671 1279 758; baseline 0.008 -28"><span class='ocrx_word' id='word_1_17' title='bbox 146 671 248 734; x_wconf 90' lang='lat' dir='ltr'><strong>verbis</strong></span> <span class='ocrx_word' id='word_1_18' title='bbox 269 680 300 734; x_wconf 86' lang='lat' dir='ltr'><strong>et</strong></span> <span class='ocrx_word' id='word_1_19' title='bbox 322 678 390 736; x_wconf 90' lang='lat' dir='ltr'><strong>toto</strong></span> <span class='ocrx_word' id='word_1_20' title='bbox 413 674 548 755; x_wconf 87' lang='lat' dir='ltr'><strong>benigno</strong></span> <span class='ocrx_word' id='word_1_21' title='bbox 571 673 730 737; x_wconf 88' lang='lat' dir='ltr'><strong>scribendi</strong></span> <span class='ocrx_word' id='word_1_22' title='bbox 752 679 876 752; x_wconf 88' lang='lat' dir='ltr'><strong>tenore,</strong></span> <span class='ocrx_word' id='word_1_23' title='bbox 905 697 968 758; x_wconf 90' lang='lat' dir='ltr'><strong>quo</strong></span> <span class='ocrx_word' id='word_1_24' title='bbox 990 676 1107 758; x_wconf 89' lang='lat' dir='ltr'><strong>ubique</strong></span> <span class='ocrx_word' id='word_1_25' title='bbox 1131 697 1207 758; x_wconf 88' lang='lat' dir='ltr'><strong>erga</strong></span> <span class='ocrx_word' id='word_1_26' title='bbox 1230 676 1279 739; x_wconf 88' lang='lat' dir='ltr'><strong>Pi-</strong></span> 
     </span>
     <span class='ocr_line' id='line_1_5' title="bbox 145 773 1278 861; baseline 0.006 -26"><span class='ocrx_word' id='word_1_27' title='bbox 145 792 252 837; x_wconf 84' lang='lat' dir='ltr'>sonem</span> <span class='ocrx_word' id='word_1_28' title='bbox 269 773 396 839; x_wconf 76' lang='lat' dir='ltr'><strong>Tacitus</strong></span> <span class='ocrx_word' id='word_1_29' title='bbox 418 797 493 840; x_wconf 85' lang='lat' dir='ltr'><strong>usns</strong></span> <span class='ocrx_word' id='word_1_30' title='bbox 516 782 564 840; x_wconf 91' lang='lat' dir='ltr'><strong>est</strong></span> <span class='ocrx_word' id='word_1_31' title='bbox 585 783 773 854; x_wconf 82' lang='lat' dir='ltr'><strong>commotae,</strong></span> <span class='ocrx_word' id='word_1_32' title='bbox 795 782 909 859; x_wconf 86' lang='lat' dir='ltr'><strong>putare</strong></span> <span class='ocrx_word' id='word_1_33' title='bbox 932 798 995 843; x_wconf 93' lang='lat' dir='ltr'><strong>non</strong></span> <span class='ocrx_word' id='word_1_34' title='bbox 1018 797 1146 861; x_wconf 89' lang='lat' dir='ltr'><strong>possum</strong></span> <span class='ocrx_word' id='word_1_35' title='bbox 1169 783 1278 842; x_wconf 89' lang='lat' dir='ltr'><strong>nostro</strong></span> 
     </span>
     <span class='ocr_line' id='line_1_6' title="bbox 145 873 1277 960; baseline 0.007 -24"><span class='ocrx_word' id='word_1_36' title='bbox 145 873 212 938; x_wconf 93' lang='lat' dir='ltr'><strong>loco</strong></span> <span class='ocrx_word' id='word_1_37' title='bbox 234 897 306 943; x_wconf 89' lang='lat' dir='ltr'><strong>eum</strong></span> <span class='ocrx_word' id='word_1_38' title='bbox 330 878 475 942; x_wconf 82' lang='lat' dir='ltr'><strong>Pisonem</strong></span> <span class='ocrx_word' id='word_1_39' title='bbox 497 878 683 960; x_wconf 89' lang='lat' dir='ltr'><strong>adrogantis</strong></span> <span class='ocrx_word' id='word_1_40' title='bbox 711 876 924 942; x_wconf 80' lang='lat' dir='ltr'><strong>simulationis</strong></span> <span class='ocrx_word' id='word_1_41' title='bbox 953 900 1103 944; x_wconf 87' lang='lat' dir='ltr'><strong>accusare</strong></span> <span class='ocrx_word' id='word_1_42' title='bbox 1125 879 1277 944; x_wconf 84' lang='lat' dir='ltr'><strong>voluisse:</strong></span> 
     </span>
     <span class='ocr_line' id='line_1_7' title="bbox 144 976 1278 1061; baseline 0.004 -22"><span class='ocrx_word' id='word_1_43' title='bbox 144 976 212 1055; x_wconf 90' lang='lat' dir='ltr'><strong>„als</strong></span> <span class='ocrx_word' id='word_1_44' title='bbox 233 978 272 1043; x_wconf 95' lang='lat' dir='ltr'><strong>ob</strong></span> <span class='ocrx_word' id='word_1_45' title='bbox 294 1000 329 1043; x_wconf 87' lang='lat' dir='ltr'><strong>er</strong></span> <span class='ocrx_word' id='word_1_46' title='bbox 351 980 441 1044; x_wconf 85' lang='lat' dir='ltr'><strong>mehr</strong></span> <span class='ocrx_word' id='word_1_47' title='bbox 463 981 514 1045; x_wconf 87' lang='lat' dir='ltr'><strong>die</strong></span> <span class='ocrx_word' id='word_1_48' title='bbox 544 980 631 1044; x_wconf 82' lang='lat' dir='ltr'><strong>kraft</strong></span> <span class='ocrx_word' id='word_1_49' title='bbox 657 980 705 1044; x_wconf 92' lang='lat' dir='ltr'><strong>als</strong></span> <span class='ocrx_word' id='word_1_50' title='bbox 732 979 793 1042; x_wconf 90' lang='lat' dir='ltr'><strong>den</strong></span> <span class='ocrx_word' id='word_1_51' title='bbox 815 981 943 1045; x_wconf 89' lang='lat' dir='ltr'><strong>wunsch</strong></span> <span class='ocrx_word' id='word_1_52' title='bbox 972 981 1075 1061; x_wconf 71' lang='lat' dir='ltr'><strong>hatte,</strong></span> <span class='ocrx_word' id='word_1_53' title='bbox 1112 980 1217 1046; x_wconf 86' lang='lat' dir='ltr'><strong>kaiser</strong></span> <span class='ocrx_word' id='word_1_54' title='bbox 1239 1001 1278 1045; x_wconf 88' lang='lat' dir='ltr'><strong>zu</strong></span> 
     </span>
     <span class='ocr_line' id='line_1_8' title="bbox 144 1078 1278 1167; baseline 0.004 -25"><span class='ocrx_word' id='word_1_55' title='bbox 144 1078 224 1158; x_wconf 87' lang='lat' dir='ltr'><strong>sein,</strong></span> <span class='ocrx_word' id='word_1_56' title='bbox 254 1101 326 1150; x_wconf 89' lang='lat' dir='ltr'><strong>cum</strong></span> <span class='ocrx_word' id='word_1_57' title='bbox 348 1104 383 1147; x_wconf 92' lang='lat' dir='ltr'><strong>re</strong></span> <span class='ocrx_word' id='word_1_58' title='bbox 404 1104 480 1148; x_wconf 80' lang='lat' dir='ltr'><strong>vera</strong></span> <span class='ocrx_word' id='word_1_59' title='bbox 500 1084 658 1167; x_wconf 88' lang='lat' dir='ltr'><strong>imperare</strong></span> <span class='ocrx_word' id='word_1_60' title='bbox 681 1103 742 1146; x_wconf 91' lang='lat' dir='ltr'><strong>non</strong></span> <span class='ocrx_word' id='word_1_61' title='bbox 764 1084 927 1165; x_wconf 87' lang='lat' dir='ltr'><strong>potuisset.</strong></span> <span class='ocrx_word' id='word_1_62' title='bbox 971 1083 1119 1164; x_wconf 86' lang='lat' dir='ltr'><strong>Videtur,</strong></span> <span class='ocrx_word' id='word_1_63' title='bbox 1145 1102 1217 1146; x_wconf 88' lang='lat' dir='ltr'><strong>mea</strong></span> <span class='ocrx_word' id='word_1_64' title='bbox 1238 1101 1278 1146; x_wconf 86' lang='lat' dir='ltr'><strong>cx</strong></span> 
     </span>
     <span class='ocr_line' id='line_1_9' title="bbox 143 1185 1277 1269; baseline 0.004 -25"><span class='ocrx_word' id='word_1_65' title='bbox 143 1185 301 1247; x_wconf 89' lang='lat' dir='ltr'><strong>sententia</strong></span> <span class='ocrx_word' id='word_1_66' title='bbox 320 1185 459 1269; x_wconf 68' lang='lat' dir='ltr'><strong>&#39;scriptor</strong></span> <span class='ocrx_word' id='word_1_67' title='bbox 480 1185 624 1264; x_wconf 90' lang='lat' dir='ltr'><strong>modum,</strong></span> <span class='ocrx_word' id='word_1_68' title='bbox 656 1205 717 1268; x_wconf 92' lang='lat' dir='ltr'><strong>quo</strong></span> <span class='ocrx_word' id='word_1_69' title='bbox 740 1185 813 1248; x_wconf 89' lang='lat' dir='ltr'><strong>Piso</strong></span> <span class='ocrx_word' id='word_1_70' title='bbox 835 1185 919 1268; x_wconf 90' lang='lat' dir='ltr'><strong>apud</strong></span> <span class='ocrx_word' id='word_1_71' title='bbox 943 1191 1051 1268; x_wconf 88' lang='lat' dir='ltr'><strong>patres</strong></span> <span class='ocrx_word' id='word_1_72' title='bbox 1073 1207 1106 1250; x_wconf 91' lang='lat' dir='ltr'><strong>se</strong></span> <span class='ocrx_word' id='word_1_73' title='bbox 1128 1190 1277 1268; x_wconf 81' lang='lat' dir='ltr'><strong>gesserat,</strong></span> 
     </span>
     <span class='ocr_line' id='line_1_10' title="bbox 143 1285 1277 1372; baseline 0.004 -25"><span class='ocrx_word' id='word_1_74' title='bbox 143 1288 324 1352; x_wconf 85' lang='lat' dir='ltr'><strong>accuratius</strong></span> <span class='ocrx_word' id='word_1_75' title='bbox 346 1288 505 1372; x_wconf 85' lang='lat' dir='ltr'><strong>explicaro</strong></span> <span class='ocrx_word' id='word_1_76' title='bbox 527 1287 677 1364; x_wconf 89' lang='lat' dir='ltr'><strong>voluisse,</strong></span> <span class='ocrx_word' id='word_1_77' title='bbox 714 1308 810 1370; x_wconf 87' lang='lat' dir='ltr'><strong>quem</strong></span> <span class='ocrx_word' id='word_1_78' title='bbox 839 1286 878 1349; x_wconf 88' lang='lat' dir='ltr'><strong>ad</strong></span> <span class='ocrx_word' id='word_1_79' title='bbox 905 1285 1018 1367; x_wconf 88' lang='lat' dir='ltr'><strong>finem,</strong></span> <span class='ocrx_word' id='word_1_80' title='bbox 1054 1289 1166 1371; x_wconf 88' lang='lat' dir='ltr'><strong>utqui</strong></span> <span class='ocrx_word' id='word_1_81' title='bbox 1194 1288 1277 1370; x_wconf 87' lang='lat' dir='ltr'><strong>lege·</strong></span> 
     </span>
     <span class='ocr_line' id='line_1_11' title="bbox 142 1389 1278 1471; baseline 0.001 -20"><span class='ocrx_word' id='word_1_82' title='bbox 142 1395 215 1452; x_wconf 88' lang='lat' dir='ltr'><strong>rent</strong></span> <span class='ocrx_word' id='word_1_83' title='bbox 237 1389 349 1454; x_wconf 85' lang='lat' dir='ltr'><strong>verba:</strong></span> <span class='ocrx_word' id='word_1_84' title='bbox 380 1389 479 1467; x_wconf 90' lang='lat' dir='ltr'><strong>„nihil</strong></span> <span class='ocrx_word' id='word_1_85' title='bbox 501 1389 535 1454; x_wconf 94' lang='lat' dir='ltr'><strong>in</strong></span> <span class='ocrx_word' id='word_1_86' title='bbox 558 1391 645 1454; x_wconf 87' lang='lat' dir='ltr'><strong>voltu</strong></span> <span class='ocrx_word' id='word_1_87' title='bbox 666 1389 843 1471; x_wconf 88' lang='lat' dir='ltr'><strong>habituque</strong></span> <span class='ocrx_word' id='word_1_88' title='bbox 865 1394 1053 1468; x_wconf 82' lang='lat' dir='ltr'><strong>mutatnm“,</strong></span> <span class='ocrx_word' id='word_1_89' title='bbox 1075 1397 1161 1453; x_wconf 87' lang='lat' dir='ltr'><strong>recte</strong></span> <span class='ocrx_word' id='word_1_90' title='bbox 1183 1389 1278 1453; x_wconf 88' lang='lat' dir='ltr'><strong>intel·</strong></span> 
     </span>
     <span class='ocr_line' id='line_1_12' title="bbox 142 1488 1278 1576; baseline 0.004 -25"><span class='ocrx_word' id='word_1_91' title='bbox 142 1488 291 1571; x_wconf 82' lang='lat' dir='ltr'><strong>ligarent,</strong></span> <span class='ocrx_word' id='word_1_92' title='bbox 322 1493 398 1576; x_wconf 93' lang='lat' dir='ltr'><strong>qnid</strong></span> <span class='ocrx_word' id='word_1_93' title='bbox 420 1494 465 1557; x_wconf 88' lang='lat' dir='ltr'><strong>eis</strong></span> <span class='ocrx_word' id='word_1_94' title='bbox 488 1491 667 1572; x_wconf 87' lang='lat' dir='ltr'><strong>significare</strong></span> <span class='ocrx_word' id='word_1_95' title='bbox 689 1490 749 1555; x_wconf 87' lang='lat' dir='ltr'><strong>sibi</strong></span> <span class='ocrx_word' id='word_1_96' title='bbox 771 1493 1001 1574; x_wconf 87' lang='lat' dir='ltr'><strong>proposuisset,</strong></span> <span class='ocrx_word' id='word_1_97' title='bbox 1032 1491 1157 1559; x_wconf 86' lang='lat' dir='ltr'><strong>addidit</strong></span> <span class='ocrx_word' id='word_1_98' title='bbox 1179 1491 1278 1575; x_wconf 84' lang='lat' dir='ltr'><strong>expli·</strong></span> 
     </span>
     <span class='ocr_line' id='line_1_13' title="bbox 142 1593 1277 1678; baseline 0.003 -24"><span class='ocrx_word' id='word_1_99' title='bbox 142 1595 304 1657; x_wconf 82' lang='lat' dir='ltr'><strong>sationem·</strong></span> <span class='ocrx_word' id='word_1_100' title='bbox 321 1596 481 1678; x_wconf 91' lang='lat' dir='ltr'><strong>quandam</strong></span> <span class='ocrx_word' id='word_1_101' title='bbox 512 1615 569 1678; x_wconf 91' lang='lat' dir='ltr'><strong>per</strong></span> <span class='ocrx_word' id='word_1_102' title='bbox 598 1593 711 1658; x_wconf 87' lang='lat' dir='ltr'><strong>similis</strong></span> <span class='ocrx_word' id='word_1_103' title='bbox 734 1593 869 1657; x_wconf 88' lang='lat' dir='ltr'><strong>formam</strong></span> <span class='ocrx_word' id='word_1_104' title='bbox 892 1614 1091 1677; x_wconf 87' lang='lat' dir='ltr'><strong>expressam:</strong></span> <span class='ocrx_word' id='word_1_105' title='bbox 1129 1594 1176 1657; x_wconf 89' lang='lat' dir='ltr'><strong>ita</strong></span> <span class='ocrx_word' id='word_1_106' title='bbox 1198 1593 1277 1658; x_wconf 93' lang='lat' dir='ltr'><strong>nihil</strong></span> 
     </span>
     <span class='ocr_line' id='line_1_14' title="bbox 142 1694 1276 1782; baseline 0.004 -26"><span class='ocrx_word' id='word_1_107' title='bbox 142 1694 174 1757; x_wconf 92' lang='lat' dir='ltr'><strong>in</strong></span> <span class='ocrx_word' id='word_1_108' title='bbox 196 1696 283 1761; x_wconf 88' lang='lat' dir='ltr'><strong>voltu</strong></span> <span class='ocrx_word' id='word_1_109' title='bbox 304 1697 478 1782; x_wconf 89' lang='lat' dir='ltr'><strong>habituque</strong></span> <span class='ocrx_word' id='word_1_110' title='bbox 501 1703 659 1761; x_wconf 89' lang='lat' dir='ltr'><strong>mutatum</strong></span> <span class='ocrx_word' id='word_1_111' title='bbox 683 1695 809 1774; x_wconf 86' lang='lat' dir='ltr'><strong>habuit,</strong></span> <span class='ocrx_word' id='word_1_112' title='bbox 839 1697 960 1779; x_wconf 91' lang='lat' dir='ltr'><strong>inquit,</strong></span> <span class='ocrx_word' id='word_1_113' title='bbox 991 1705 1027 1760; x_wconf 90' lang='grc' dir='ltr'><strong>ιιι</strong></span> <span class='ocrx_word' id='word_1_114' title='bbox 1049 1697 1110 1775; x_wconf 87' lang='lat' dir='ltr'><strong>vir,</strong></span> <span class='ocrx_word' id='word_1_115' title='bbox 1142 1697 1196 1779; x_wconf 93' lang='lat' dir='ltr'><strong>qui</strong></span> <span class='ocrx_word' id='word_1_116' title='bbox 1218 1697 1276 1760; x_wconf 90' lang='lat' dir='ltr'><strong>im-</strong></span> 
     </span>
     <span class='ocr_line' id='line_1_15' title="bbox 141 1797 1277 1884; baseline 0.003 -24"><span class='ocrx_word' id='word_1_117' title='bbox 141 1817 253 1880; x_wconf 88' lang='lat' dir='ltr'><strong>perare</strong></span> <span class='ocrx_word' id='word_1_118' title='bbox 275 1807 382 1883; x_wconf 87' lang='lat' dir='ltr'><strong>posset</strong></span> <span class='ocrx_word' id='word_1_119' title='bbox 404 1801 505 1884; x_wconf 86' lang='lat' dir='ltr'><strong>magis</strong></span> <span class='ocrx_word' id='word_1_120' title='bbox 520 1821 617 1884; x_wconf 86' lang='lat' dir='ltr'><strong>quam</strong></span> <span class='ocrx_word' id='word_1_121' title='bbox 639 1799 743 1863; x_wconf 88' lang='lat' dir='ltr'><strong>vellet.</strong></span> <span class='ocrx_word' id='word_1_122' title='bbox 787 1799 918 1863; x_wconf 87' lang='lat' dir='ltr'><strong>Vertam</strong></span> <span class='ocrx_word' id='word_1_123' title='bbox 940 1799 1001 1864; x_wconf 89' lang='lat' dir='ltr'><strong>sio:</strong></span> <span class='ocrx_word' id='word_1_124' title='bbox 1026 1799 1094 1878; x_wconf 92' lang='lat' dir='ltr'><strong>„Im</strong></span> <span class='ocrx_word' id='word_1_125' title='bbox 1118 1797 1277 1863; x_wconf 89' lang='lat' dir='ltr'><strong>ausdruck</strong></span> 
     </span>
     <span class='ocr_line' id='line_1_16' title="bbox 141 1900 1276 1984; baseline 0.002 -22"><span class='ocrx_word' id='word_1_126' title='bbox 141 1901 243 1964; x_wconf 84' lang='lat' dir='ltr'><strong>seinos</strong></span> <span class='ocrx_word' id='word_1_127' title='bbox 264 1902 402 1984; x_wconf 85' lang='lat' dir='ltr'><strong>gesiohts</strong></span> <span class='ocrx_word' id='word_1_128' title='bbox 426 1904 492 1968; x_wconf 93' lang='lat' dir='ltr'><strong>und</strong></span> <span class='ocrx_word' id='word_1_129' title='bbox 515 1904 548 1966; x_wconf 91' lang='lat' dir='ltr'><strong>in</strong></span> <span class='ocrx_word' id='word_1_130' title='bbox 571 1903 676 1967; x_wconf 88' lang='lat' dir='ltr'><strong>seiner</strong></span> <span class='ocrx_word' id='word_1_131' title='bbox 697 1900 833 1984; x_wconf 87' lang='lat' dir='ltr'><strong>haltung</strong></span> <span class='ocrx_word' id='word_1_132' title='bbox 855 1902 955 1983; x_wconf 83' lang='lat' dir='ltr'><strong>neigte</strong></span> <span class='ocrx_word' id='word_1_133' title='bbox 977 1922 1012 1966; x_wconf 87' lang='lat' dir='ltr'><strong>cr</strong></span> <span class='ocrx_word' id='word_1_134' title='bbox 1034 1901 1186 1966; x_wconf 87' lang='lat' dir='ltr'><strong>koinerlei</strong></span> <span class='ocrx_word' id='word_1_135' title='bbox 1208 1921 1276 1964; x_wconf 86' lang='lat' dir='ltr'><strong>ver-</strong></span> 
     </span>
     <span class='ocr_line' id='line_1_17' title="bbox 141 2001 1275 2087; baseline 0.004 -22"><span class='ocrx_word' id='word_1_136' title='bbox 141 2003 319 2087; x_wconf 78' lang='lat' dir='ltr'><strong>iinderung,</strong></span> <span class='ocrx_word' id='word_1_137' title='bbox 356 2005 414 2069; x_wconf 85' lang='lat' dir='ltr'><strong>wie</strong></span> <span class='ocrx_word' id='word_1_138' title='bbox 435 2007 538 2085; x_wconf 85' lang='lat' dir='ltr'><strong>einer,</strong></span> <span class='ocrx_word' id='word_1_139' title='bbox 575 2004 632 2070; x_wconf 91' lang='lat' dir='ltr'><strong>der</strong></span> <span class='ocrx_word' id='word_1_140' title='bbox 654 2003 745 2068; x_wconf 83' lang='lat' dir='ltr'><strong>mehr</strong></span> <span class='ocrx_word' id='word_1_141' title='bbox 766 2003 817 2067; x_wconf 91' lang='lat' dir='ltr'><strong>die</strong></span> <span class='ocrx_word' id='word_1_142' title='bbox 846 2003 947 2080; x_wconf 87' lang='lat' dir='ltr'><strong>kraft,</strong></span> <span class='ocrx_word' id='word_1_143' title='bbox 986 2005 1034 2068; x_wconf 91' lang='lat' dir='ltr'><strong>als</strong></span> <span class='ocrx_word' id='word_1_144' title='bbox 1063 2003 1125 2068; x_wconf 84' lang='lat' dir='ltr'><strong>den</strong></span> <span class='ocrx_word' id='word_1_145' title='bbox 1148 2001 1275 2070; x_wconf 85' lang='lat' dir='ltr'><strong>wunsch</strong></span> 
     </span>
     <span class='ocr_line' id='line_1_18' title="bbox 140 2103 1276 2192; baseline 0 -24"><span class='ocrx_word' id='word_1_146' title='bbox 140 2103 213 2184; x_wconf 88' lang='lat' dir='ltr'><strong>hat,</strong></span> <span class='ocrx_word' id='word_1_147' title='bbox 241 2105 348 2174; x_wconf 87' lang='lat' dir='ltr'><strong>kaiser</strong></span> <span class='ocrx_word' id='word_1_148' title='bbox 369 2129 408 2172; x_wconf 84' lang='lat' dir='ltr'><strong>uu</strong></span> <span class='ocrx_word' id='word_1_149' title='bbox 429 2108 528 2172; x_wconf 85' lang='lat' dir='ltr'><strong>sein“.</strong></span> <span class='ocrx_word' id='word_1_150' title='bbox 571 2109 824 2192; x_wconf 87' lang='lat' dir='ltr'><strong>Interpretamur</strong></span> <span class='ocrx_word' id='word_1_151' title='bbox 846 2107 944 2188; x_wconf 90' lang='lat' dir='ltr'><strong>igitur</strong></span> <span class='ocrx_word' id='word_1_152' title='bbox 966 2107 1098 2187; x_wconf 86' lang='lat' dir='ltr'><strong>„quasi“</strong></span> <span class='ocrx_word' id='word_1_153' title='bbox 1119 2111 1156 2169; x_wconf 88' lang='grc' dir='ltr'><strong>ιιι</strong></span> <span class='ocrx_word' id='word_1_154' title='bbox 1177 2105 1276 2188; x_wconf 81' lang='lat' dir='ltr'><strong>parti·</strong></span> 
     </span>
     <span class='ocr_line' id='line_1_19' title="bbox 140 2207 1277 2293; baseline 0.002 -23"><span class='ocrx_word' id='word_1_155' title='bbox 140 2207 260 2287; x_wconf 91' lang='lat' dir='ltr'><strong>onlam,</strong></span> <span class='ocrx_word' id='word_1_156' title='bbox 290 2230 353 2291; x_wconf 90' lang='lat' dir='ltr'><strong>qna</strong></span> <span class='ocrx_word' id='word_1_157' title='bbox 375 2210 477 2274; x_wconf 88' lang='lat' dir='ltr'><strong>simile</strong></span> <span class='ocrx_word' id='word_1_158' title='bbox 499 2231 519 2274; x_wconf 86' lang='lat' dir='ltr'><strong>a</strong></span> <span class='ocrx_word' id='word_1_159' title='bbox 542 2211 675 2274; x_wconf 80' lang='lat' dir='ltr'><strong>veritate</strong></span> <span class='ocrx_word' id='word_1_160' title='bbox 697 2231 760 2274; x_wconf 91' lang='lat' dir='ltr'><strong>non</strong></span> <span class='ocrx_word' id='word_1_161' title='bbox 783 2209 922 2273; x_wconf 89' lang='lat' dir='ltr'><strong>alienum</strong></span> <span class='ocrx_word' id='word_1_162' title='bbox 944 2207 1134 2293; x_wconf 82' lang='lat' dir='ltr'><strong>proferatur.</strong></span> <span class='ocrx_word' id='word_1_163' title='bbox 1180 2207 1277 2272; x_wconf 82' lang='lat' dir='ltr'><strong>Deest</strong></span> 
     </span>
     <span class='ocr_line' id='line_1_20' title="bbox 139 2310 1051 2394; baseline -0.001 -20"><span class='ocrx_word' id='word_1_164' title='bbox 139 2310 316 2394; x_wconf 80' lang='lat' dir='ltr'><strong>particulae</strong></span> <span class='ocrx_word' id='word_1_165' title='bbox 339 2313 386 2377; x_wconf 84' lang='lat' dir='ltr'><strong>vis</strong></span> <span class='ocrx_word' id='word_1_166' title='bbox 410 2311 562 2392; x_wconf 87' lang='lat' dir='ltr'><strong>causalis,</strong></span> <span class='ocrx_word' id='word_1_167' title='bbox 586 2312 678 2377; x_wconf 88' lang='lat' dir='ltr'><strong>adest</strong></span> <span class='ocrx_word' id='word_1_168' title='bbox 700 2333 775 2377; x_wconf 90' lang='lat' dir='ltr'><strong>vero</strong></span> <span class='ocrx_word' id='word_1_169' title='bbox 796 2331 903 2376; x_wconf 89' lang='lat' dir='ltr'><strong>rerum</strong></span> <span class='ocrx_word' id='word_1_170' title='bbox 924 2312 1051 2376; x_wconf 84' lang='lat' dir='ltr'><strong>veritas.</strong></span> 
     </span>
    </p>

    <p class='ocr_par' dir='ltr' id='par_1_3' title="bbox 139 2409 1275 3312">
     <span class='ocr_line' id='line_1_21' title="bbox 225 2409 1275 2496; baseline -0.001 -20"><span class='ocrx_word' id='word_1_171' title='bbox 225 2413 287 2476; x_wconf 92' lang='lat' dir='ltr'><strong>Hic</strong></span> <span class='ocrx_word' id='word_1_172' title='bbox 308 2434 432 2496; x_wconf 89' lang='lat' dir='ltr'><strong>quoqne</strong></span> <span class='ocrx_word' id='word_1_173' title='bbox 454 2413 621 2479; x_wconf 91' lang='lat' dir='ltr'><strong>addendus</strong></span> <span class='ocrx_word' id='word_1_174' title='bbox 642 2418 691 2477; x_wconf 90' lang='lat' dir='ltr'><strong>est</strong></span> <span class='ocrx_word' id='word_1_175' title='bbox 713 2414 813 2492; x_wconf 90' lang='lat' dir='ltr'><strong>locus,</strong></span> <span class='ocrx_word' id='word_1_176' title='bbox 843 2412 900 2496; x_wconf 91' lang='lat' dir='ltr'><strong>qui</strong></span> <span class='ocrx_word' id='word_1_177' title='bbox 922 2413 1083 2476; x_wconf 85' lang='lat' dir='ltr'><strong>invenitur</strong></span> <span class='ocrx_word' id='word_1_178' title='bbox 1105 2411 1138 2475; x_wconf 91' lang='lat' dir='ltr'><strong>in</strong></span> <span class='ocrx_word' id='word_1_179' title='bbox 1161 2409 1275 2477; x_wconf 82' lang='lat' dir='ltr'><strong>Annal.</strong></span> 
     </span>
     <span class='ocr_line' id='line_1_22' title="bbox 140 2513 1274 2599; baseline 0.001 -22"><span class='ocrx_word' id='word_1_180' title='bbox 140 2513 225 2593; x_wconf 89' lang='lat' dir='ltr'><strong>XIV,</strong></span> <span class='ocrx_word' id='word_1_181' title='bbox 248 2515 381 2595; x_wconf 86' lang='lat' dir='ltr'><strong>XXXII,</strong></span> <span class='ocrx_word' id='word_1_182' title='bbox 403 2521 432 2580; x_wconf 87' lang='lat'><strong>2.</strong></span> <span class='ocrx_word' id='word_1_183' title='bbox 466 2516 575 2594; x_wconf 88' lang='lat' dir='ltr'><strong>„Inter</strong></span> <span class='ocrx_word' id='word_1_184' title='bbox 607 2538 689 2599; x_wconf 88' lang='lat' dir='ltr'><strong>qnae</strong></span> <span class='ocrx_word' id='word_1_185' title='bbox 721 2515 810 2580; x_wconf 89' lang='lat' dir='ltr'><strong>nulla</strong></span> <span class='ocrx_word' id='word_1_186' title='bbox 840 2516 948 2599; x_wconf 88' lang='lat' dir='ltr'><strong>palum</strong></span> <span class='ocrx_word' id='word_1_187' title='bbox 980 2535 1077 2579; x_wconf 86' lang='lat' dir='ltr'><strong>causa</strong></span> <span class='ocrx_word' id='word_1_188' title='bbox 1110 2513 1274 2596; x_wconf 87' lang='lat' dir='ltr'><strong>delapsum</strong></span> 
     </span>
     <span class='ocr_line' id='line_1_23' title="bbox 142 2614 1275 2698; baseline -0.002 -18"><span class='ocrx_word' id='word_1_189' title='bbox 142 2615 353 2683; x_wconf 85' lang='lat' dir='ltr'><strong>Camuloduni</strong></span> <span class='ocrx_word' id='word_1_190' title='bbox 375 2618 579 2684; x_wconf 89' lang='lat' dir='ltr'><strong>simulacrum</strong></span> <span class='ocrx_word' id='word_1_191' title='bbox 600 2619 762 2685; x_wconf 87' lang='lat' dir='ltr'><strong>Victoriae</strong></span> <span class='ocrx_word' id='word_1_192' title='bbox 784 2639 822 2682; x_wconf 91' lang='lat' dir='ltr'><strong>ac</strong></span> <span class='ocrx_word' id='word_1_193' title='bbox 844 2624 929 2682; x_wconf 88' lang='lat' dir='ltr'><strong>retro</strong></span> <span class='ocrx_word' id='word_1_194' title='bbox 951 2637 1151 2695; x_wconf 83' lang='lat' dir='ltr'><strong>conversum,</strong></span> <span class='ocrx_word' id='word_1_195' title='bbox 1183 2614 1275 2698; x_wconf 90' lang='lat' dir='ltr'><strong>quasi</strong></span> 
     </span>
     <span class='ocr_line' id='line_1_24' title="bbox 140 2719 1275 2801; baseline -0.002 -17"><span class='ocrx_word' id='word_1_196' title='bbox 140 2719 266 2784; x_wconf 87' lang='lat' dir='ltr'><strong>cederet</strong></span> <span class='ocrx_word' id='word_1_197' title='bbox 297 2719 469 2786; x_wconf 73' lang='lat' dir='ltr'><strong>hostibus‘t</strong></span> <span class='ocrx_word' id='word_1_198' title='bbox 530 2720 744 2801; x_wconf 85' lang='lat' dir='ltr'><strong>„Gleichsam,</strong></span> <span class='ocrx_word' id='word_1_199' title='bbox 776 2720 834 2785; x_wconf 87' lang='lat' dir='ltr'><strong>wie</strong></span> <span class='ocrx_word' id='word_1_200' title='bbox 867 2741 954 2786; x_wconf 84' lang='lat' dir='ltr'><strong>wenn</strong></span> <span class='ocrx_word' id='word_1_201' title='bbox 986 2741 1021 2784; x_wconf 88' lang='lat' dir='ltr'><strong>es</strong></span> <span class='ocrx_word' id='word_1_202' title='bbox 1051 2720 1112 2784; x_wconf 88' lang='lat' dir='ltr'><strong>den</strong></span> <span class='ocrx_word' id='word_1_203' title='bbox 1145 2719 1275 2783; x_wconf 85' lang='lat' dir='ltr'><strong>feinden</strong></span> 
     </span>
     <span class='ocr_line' id='line_1_25' title="bbox 139 2821 1275 2907; baseline -0.001 -21"><span class='ocrx_word' id='word_1_204' title='bbox 139 2821 266 2888; x_wconf 66' lang='lat' dir='ltr'><strong>nichea</strong></span> <span class='ocrx_word' id='word_1_205' title='bbox 309 2822 354 2888; x_wconf 88' lang='lat' dir='ltr'><strong>Ut</strong></span> <span class='ocrx_word' id='word_1_206' title='bbox 374 2825 493 2907; x_wconf 83' lang='lat' dir='ltr'><strong>prlore,</strong></span> <span class='ocrx_word' id='word_1_207' title='bbox 522 2823 582 2888; x_wconf 93' lang='lat' dir='ltr'><strong>hoc</strong></span> <span class='ocrx_word' id='word_1_208' title='bbox 604 2845 729 2907; x_wconf 89' lang='lat' dir='ltr'><strong>quoque</strong></span> <span class='ocrx_word' id='word_1_209' title='bbox 752 2824 821 2887; x_wconf 91' lang='lat' dir='ltr'><strong>loco</strong></span> <span class='ocrx_word' id='word_1_210' title='bbox 844 2821 1003 2906; x_wconf 87' lang='lat' dir='ltr'><strong>particula</strong></span> <span class='ocrx_word' id='word_1_211' title='bbox 1025 2823 1089 2887; x_wconf 91' lang='lat' dir='ltr'><strong>vim</strong></span> <span class='ocrx_word' id='word_1_212' title='bbox 1111 2840 1275 2905; x_wconf 86' lang='lat' dir='ltr'><strong>compara-</strong></span> 
     </span>
     <span class='ocr_line' id='line_1_26' title="bbox 139 2922 1275 3008; baseline -0.002 -20"><span class='ocrx_word' id='word_1_213' title='bbox 139 2922 238 2990; x_wconf 88' lang='lat' dir='ltr'><strong>tivam</strong></span> <span class='ocrx_word' id='word_1_214' title='bbox 259 2945 402 2996; x_wconf 81' lang='lat' dir='ltr'><strong>servasse</strong></span> <span class='ocrx_word' id='word_1_215' title='bbox 424 2926 558 2990; x_wconf 88' lang='lat' dir='ltr'><strong>videtur.</strong></span> <span class='ocrx_word' id='word_1_216' title='bbox 602 2927 684 2991; x_wconf 88' lang='lat' dir='ltr'><strong>Nam</strong></span> <span class='ocrx_word' id='word_1_217' title='bbox 707 2947 779 2991; x_wconf 88' lang='lat' dir='ltr'><strong>cum</strong></span> <span class='ocrx_word' id='word_1_218' title='bbox 808 2925 918 3008; x_wconf 86' lang='lat' dir='ltr'><strong>negari</strong></span> <span class='ocrx_word' id='word_1_219' title='bbox 947 2945 1011 2989; x_wconf 91' lang='lat' dir='ltr'><strong>non</strong></span> <span class='ocrx_word' id='word_1_220' title='bbox 1039 2925 1153 3008; x_wconf 89' lang='lat' dir='ltr'><strong>possit,</strong></span> <span class='ocrx_word' id='word_1_221' title='bbox 1184 2923 1275 2987; x_wconf 89' lang='lat' dir='ltr'><strong>Taci-</strong></span> 
     </span>
     <span class='ocr_line' id='line_1_27' title="bbox 139 3025 1275 3112; baseline -0.003 -19"><span class='ocrx_word' id='word_1_222' title='bbox 139 3032 207 3093; x_wconf 88' lang='lat' dir='ltr'><strong>tum</strong></span> <span class='ocrx_word' id='word_1_223' title='bbox 230 3048 287 3110; x_wconf 90' lang='lat' dir='ltr'><strong>pro</strong></span> <span class='ocrx_word' id='word_1_224' title='bbox 308 3033 396 3092; x_wconf 88' lang='lat' dir='ltr'><strong>certo</strong></span> <span class='ocrx_word' id='word_1_225' title='bbox 419 3028 589 3093; x_wconf 88' lang='lat' dir='ltr'><strong>credidisse</strong></span> <span class='ocrx_word' id='word_1_226' title='bbox 610 3050 649 3093; x_wconf 87' lang='lat' dir='ltr'><strong>ex</strong></span> <span class='ocrx_word' id='word_1_227' title='bbox 671 3029 823 3112; x_wconf 88' lang='lat' dir='ltr'><strong>prodigiis</strong></span> <span class='ocrx_word' id='word_1_228' title='bbox 852 3028 962 3092; x_wconf 86' lang='lat' dir='ltr'><strong>futura</strong></span> <span class='ocrx_word' id='word_1_229' title='bbox 983 3028 1118 3092; x_wconf 89' lang='lat' dir='ltr'><strong>indicari</strong></span> <span class='ocrx_word' id='word_1_230' title='bbox 1133 3027 1179 3105; x_wconf 82' lang='lat'><strong>*),</strong></span> <span class='ocrx_word' id='word_1_231' title='bbox 1215 3025 1275 3090; x_wconf 85' lang='lat' dir='ltr'><strong>fal-</strong></span> 
     </span>
     <span class='ocr_line' id='line_1_28' title="bbox 139 3128 1275 3216; baseline -0.001 -22"><span class='ocrx_word' id='word_1_232' title='bbox 139 3150 208 3195; x_wconf 87' lang='lat' dir='ltr'><strong>sum</strong></span> <span class='ocrx_word' id='word_1_233' title='bbox 231 3151 307 3196; x_wconf 84' lang='lat' dir='ltr'><strong>uano</strong></span> <span class='ocrx_word' id='word_1_234' title='bbox 328 3136 392 3209; x_wconf 89' lang='lat' dir='ltr'><strong>ost,</strong></span> <span class='ocrx_word' id='word_1_235' title='bbox 428 3132 454 3194; x_wconf 90' lang='lat' dir='ltr'><strong>si</strong></span> <span class='ocrx_word' id='word_1_236' title='bbox 483 3131 598 3196; x_wconf 87' lang='lat' dir='ltr'><strong>falsam</strong></span> <span class='ocrx_word' id='word_1_237' title='bbox 621 3132 758 3216; x_wconf 89' lang='lat' dir='ltr'><strong>speciem</strong></span> <span class='ocrx_word' id='word_1_238' title='bbox 784 3131 960 3214; x_wconf 86' lang='lat' dir='ltr'><strong>particulae</strong></span> <span class='ocrx_word' id='word_1_239' title='bbox 982 3131 1013 3193; x_wconf 86' lang='lat' dir='ltr'><strong>vi</strong></span> <span class='ocrx_word' id='word_1_240' title='bbox 1035 3134 1139 3193; x_wconf 88' lang='lat' dir='ltr'><strong>ortam</strong></span> <span class='ocrx_word' id='word_1_241' title='bbox 1161 3128 1275 3193; x_wconf 87' lang='lat' dir='ltr'><strong>statui·</strong></span> 
     </span>
     <span class='ocr_line' id='line_1_29' title="bbox 139 3231 1153 3312; baseline -0.005 -13"><span class='ocrx_word' id='word_1_242' title='bbox 139 3255 219 3299; x_wconf 88' lang='lat' dir='ltr'><strong>mus.</strong></span> <span class='ocrx_word' id='word_1_243' title='bbox 262 3233 333 3300; x_wconf 88' lang='lat' dir='ltr'><strong>Nou</strong></span> <span class='ocrx_word' id='word_1_244' title='bbox 356 3232 431 3297; x_wconf 91' lang='lat' dir='ltr'><strong>licet</strong></span> <span class='ocrx_word' id='word_1_245' title='bbox 452 3233 512 3297; x_wconf 90' lang='lat' dir='ltr'><strong>hac</strong></span> <span class='ocrx_word' id='word_1_246' title='bbox 534 3233 573 3298; x_wconf 90' lang='lat' dir='ltr'><strong>de</strong></span> <span class='ocrx_word' id='word_1_247' title='bbox 595 3254 629 3297; x_wconf 92' lang='lat' dir='ltr'><strong>re</strong></span> <span class='ocrx_word' id='word_1_248' title='bbox 652 3238 791 3297; x_wconf 89' lang='lat' dir='ltr'><strong>vertere:</strong></span> <span class='ocrx_word' id='word_1_249' title='bbox 815 3233 883 3312; x_wconf 88' lang='lat' dir='ltr'><strong>„als</strong></span> <span class='ocrx_word' id='word_1_250' title='bbox 906 3232 946 3296; x_wconf 93' lang='lat' dir='ltr'><strong>oh</strong></span> <span class='ocrx_word' id='word_1_251' title='bbox 969 3253 1003 3297; x_wconf 88' lang='lat' dir='ltr'><strong>es</strong></span> <span class='ocrx_word' id='word_1_252' title='bbox 1023 3231 1153 3296; x_wconf 81' lang='lat' dir='ltr'><strong>wiohe⁸‘.</strong></span> 
     </span>
    </p>

    <p class='ocr_par' dir='ltr' id='par_1_4' title="bbox 138 3331 1275 4033">
     <span class='ocr_line' id='line_1_30' title="bbox 222 3331 1274 3418; baseline -0.004 -17"><span class='ocrx_word' id='word_1_253' title='bbox 222 3337 314 3401; x_wconf 90' lang='lat' dir='ltr'><strong>Nune</strong></span> <span class='ocrx_word' id='word_1_254' title='bbox 346 3335 635 3418; x_wconf 84' lang='lat' dir='ltr'><strong>transgrediamur,</strong></span> <span class='ocrx_word' id='word_1_255' title='bbox 672 3335 699 3398; x_wconf 91' lang='lat' dir='ltr'><strong>si</strong></span> <span class='ocrx_word' id='word_1_256' title='bbox 733 3335 825 3416; x_wconf 87' lang='lat' dir='ltr'><strong>libet,</strong></span> <span class='ocrx_word' id='word_1_257' title='bbox 857 3335 898 3398; x_wconf 90' lang='lat' dir='ltr'><strong>ad</strong></span> <span class='ocrx_word' id='word_1_258' title='bbox 928 3333 1064 3398; x_wconf 89' lang='lat' dir='ltr'><strong>alterum</strong></span> <span class='ocrx_word' id='word_1_259' title='bbox 1098 3331 1274 3416; x_wconf 86' lang='lat' dir='ltr'><strong>particulae</strong></span> 
     </span>
     <span class='ocr_line' id='line_1_31' title="bbox 140 3432 1275 3522; baseline -0.005 -19"><span class='ocrx_word' id='word_1_260' title='bbox 140 3438 380 3522; x_wconf 83' lang='lat' dir='ltr'><strong>significationis</strong></span> <span class='ocrx_word' id='word_1_261' title='bbox 401 3458 500 3519; x_wconf 89' lang='lat' dir='ltr'><strong>genus</strong></span> <span class='ocrx_word' id='word_1_262' title='bbox 514 3439 578 3517; x_wconf 88' lang='lat'><strong>**),</strong></span> <span class='ocrx_word' id='word_1_263' title='bbox 615 3458 678 3520; x_wconf 92' lang='lat' dir='ltr'><strong>quo</strong></span> <span class='ocrx_word' id='word_1_264' title='bbox 691 3437 813 3502; x_wconf 87' lang='lat' dir='ltr'><strong>&#39;falsam</strong></span> <span class='ocrx_word' id='word_1_265' title='bbox 837 3437 973 3520; x_wconf 87' lang='lat' dir='ltr'><strong>speciem</strong></span> <span class='ocrx_word' id='word_1_266' title='bbox 996 3435 1091 3519; x_wconf 89' lang='lat' dir='ltr'><strong>plane</strong></span> <span class='ocrx_word' id='word_1_267' title='bbox 1113 3432 1221 3498; x_wconf 88' lang='lat' dir='ltr'><strong>amisit</strong></span> <span class='ocrx_word' id='word_1_268' title='bbox 1241 3437 1275 3499; x_wconf 89' lang='lat' dir='ltr'><strong>ot</strong></span> 
     </span>
     <span class='ocr_line' id='line_1_32' title="bbox 139 3535 1274 3625; baseline -0.005 -20"><span class='ocrx_word' id='word_1_269' title='bbox 139 3560 202 3625; x_wconf 91' lang='lat' dir='ltr'><strong>quo</strong></span> <span class='ocrx_word' id='word_1_270' title='bbox 230 3560 327 3606; x_wconf 85' lang='lat' dir='ltr'><strong>causa</strong></span> <span class='ocrx_word' id='word_1_271' title='bbox 356 3541 528 3622; x_wconf 88' lang='lat' dir='ltr'><strong>quaedam,</strong></span> <span class='ocrx_word' id='word_1_272' title='bbox 564 3560 660 3624; x_wconf 88' lang='lat' dir='ltr'><strong>quam</strong></span> <span class='ocrx_word' id='word_1_273' title='bbox 688 3561 752 3605; x_wconf 90' lang='lat' dir='ltr'><strong>non</strong></span> <span class='ocrx_word' id='word_1_274' title='bbox 782 3546 818 3605; x_wconf 92' lang='lat' dir='ltr'><strong>ut</strong></span> <span class='ocrx_word' id='word_1_275' title='bbox 848 3561 952 3616; x_wconf 90' lang='lat' dir='ltr'><strong>suam,</strong></span> <span class='ocrx_word' id='word_1_276' title='bbox 990 3537 1046 3604; x_wconf 87' lang='lat' dir='ltr'><strong>scd</strong></span> <span class='ocrx_word' id='word_1_277' title='bbox 1073 3543 1110 3601; x_wconf 87' lang='lat' dir='ltr'><strong>nt</strong></span> <span class='ocrx_word' id='word_1_278' title='bbox 1139 3535 1274 3603; x_wconf 83' lang='lat' dir='ltr'><strong>subiecti</strong></span> 
     </span>
     <span class='ocr_line' id='line_1_33' title="bbox 138 3638 1274 3726; baseline -0.003 -20"><span class='ocrx_word' id='word_1_279' title='bbox 138 3641 371 3714; x_wconf 84' lang='lat' dir='ltr'><strong>enunciationis</strong></span> <span class='ocrx_word' id='word_1_280' title='bbox 400 3644 560 3726; x_wconf 85' lang='lat' dir='ltr'><strong>propriam</strong></span> <span class='ocrx_word' id='word_1_281' title='bbox 589 3642 695 3709; x_wconf 84' lang='lat' dir='ltr'><strong>adfert</strong></span> <span class='ocrx_word' id='word_1_282' title='bbox 722 3642 872 3725; x_wconf 89' lang='lat' dir='ltr'><strong>scriptor,</strong></span> <span class='ocrx_word' id='word_1_283' title='bbox 910 3639 1124 3705; x_wconf 89' lang='lat' dir='ltr'><strong>introducitur</strong></span> <span class='ocrx_word' id='word_1_284' title='bbox 1155 3638 1274 3722; x_wconf 86' lang='lat' dir='ltr'><strong>optime</strong></span> 
     </span>
     <span class='ocr_line' id='line_1_34' title="bbox 139 3739 1273 3829; baseline -0.006 -19"><span class='ocrx_word' id='word_1_285' title='bbox 139 3745 311 3810; x_wconf 89' lang='lat' dir='ltr'><strong>cohaerens</strong></span> <span class='ocrx_word' id='word_1_286' title='bbox 333 3763 405 3807; x_wconf 90' lang='lat' dir='ltr'><strong>cum</strong></span> <span class='ocrx_word' id='word_1_287' title='bbox 427 3747 576 3824; x_wconf 86' lang='lat' dir='ltr'><strong>veritate,</strong></span> <span class='ocrx_word' id='word_1_288' title='bbox 613 3746 660 3810; x_wconf 85' lang='lat' dir='ltr'><strong>ita</strong></span> <span class='ocrx_word' id='word_1_289' title='bbox 681 3750 717 3808; x_wconf 91' lang='lat' dir='ltr'><strong>ut</strong></span> <span class='ocrx_word' id='word_1_290' title='bbox 748 3743 906 3829; x_wconf 88' lang='lat' dir='ltr'><strong>particula</strong></span> <span class='ocrx_word' id='word_1_291' title='bbox 933 3762 997 3807; x_wconf 90' lang='lat' dir='ltr'><strong>non</strong></span> <span class='ocrx_word' id='word_1_292' title='bbox 1019 3761 1093 3805; x_wconf 90' lang='lat' dir='ltr'><strong>voce</strong></span> <span class='ocrx_word' id='word_1_293' title='bbox 1124 3739 1193 3820; x_wconf 87' lang='lat' dir='ltr'><strong>„als</strong></span> <span class='ocrx_word' id='word_1_294' title='bbox 1213 3739 1273 3803; x_wconf 88' lang='lat' dir='ltr'><strong>oh“</strong></span> 
     </span>
     <span class='ocr_line' id='line_1_35' title="bbox 138 3842 1273 3931; baseline -0.005 -19"><span class='ocrx_word' id='word_1_295' title='bbox 138 3855 171 3912; x_wconf 90' lang='lat' dir='ltr'><strong>et</strong></span> <span class='ocrx_word' id='word_1_296' title='bbox 202 3847 415 3924; x_wconf 86' lang='lat' dir='ltr'><strong>coniunctivo,</strong></span> <span class='ocrx_word' id='word_1_297' title='bbox 452 3847 507 3911; x_wconf 92' lang='lat' dir='ltr'><strong>sed</strong></span> <span class='ocrx_word' id='word_1_298' title='bbox 536 3847 606 3911; x_wconf 89' lang='lat' dir='ltr'><strong>iure</strong></span> <span class='ocrx_word' id='word_1_299' title='bbox 639 3847 759 3931; x_wconf 90' lang='lat' dir='ltr'><strong>optimo</strong></span> <span class='ocrx_word' id='word_1_300' title='bbox 790 3866 864 3910; x_wconf 87' lang='lat' dir='ltr'><strong>voce</strong></span> <span class='ocrx_word' id='word_1_301' title='bbox 895 3845 1006 3923; x_wconf 84' lang='lat' dir='ltr'><strong>„weil“</strong></span> <span class='ocrx_word' id='word_1_302' title='bbox 1035 3850 1068 3910; x_wconf 89' lang='lat' dir='ltr'><strong>et</strong></span> <span class='ocrx_word' id='word_1_303' title='bbox 1100 3842 1273 3907; x_wconf 87' lang='lat' dir='ltr'><strong>indicativo</strong></span> 
     </span>
     <span class='ocr_line' id='line_1_36' title="bbox 138 3942 1274 4033; baseline -0.007 -19"><span class='ocrx_word' id='word_1_304' title='bbox 138 3957 248 4014; x_wconf 87' lang='lat' dir='ltr'><strong>nostro</strong></span> <span class='ocrx_word' id='word_1_305' title='bbox 269 3949 303 4012; x_wconf 91' lang='lat' dir='ltr'><strong>in</strong></span> <span class='ocrx_word' id='word_1_306' title='bbox 325 3968 469 4014; x_wconf 87' lang='lat' dir='ltr'><strong>sermone</strong></span> <span class='ocrx_word' id='word_1_307' title='bbox 491 3948 677 4029; x_wconf 88' lang='lat' dir='ltr'><strong>reddamus,</strong></span> <span class='ocrx_word' id='word_1_308' title='bbox 715 3969 778 4033; x_wconf 89' lang='lat' dir='ltr'><strong>qua</strong></span> <span class='ocrx_word' id='word_1_309' title='bbox 800 3950 833 4013; x_wconf 90' lang='lat' dir='ltr'><strong>in</strong></span> <span class='ocrx_word' id='word_1_310' title='bbox 855 3969 890 4013; x_wconf 88' lang='lat' dir='ltr'><strong>re</strong></span> <span class='ocrx_word' id='word_1_311' title='bbox 911 3947 1038 4031; x_wconf 91' lang='lat' dir='ltr'><strong>plurimi</strong></span> <span class='ocrx_word' id='word_1_312' title='bbox 1062 3965 1185 4024; x_wconf 87' lang='lat' dir='ltr'><strong>eorum,</strong></span> <span class='ocrx_word' id='word_1_313' title='bbox 1218 3942 1274 4026; x_wconf 91' lang='lat' dir='ltr'><strong>qui</strong></span> 
     </span>
    </p>
   </div>
   <div class='ocr_carea' id='block_1_3' title="bbox 140 4105 344 4116">
    <p class='ocr_par' dir='ltr' id='par_1_5' title="bbox 140 4105 344 4116">
     <span class='ocr_line' id='line_1_37' title="bbox 140 4105 344 4116; baseline 0 -2"><span class='ocrx_word' id='word_1_314' title='bbox 140 4105 344 4116; x_wconf 71' lang='lat' dir='ltr'><strong>——n-n—</strong></span> 
     </span>
    </p>
   </div>
   <div class='ocr_carea' id='block_1_4' title="bbox 173 4187 898 4350">
    <p class='ocr_par' dir='ltr' id='par_1_6' title="bbox 173 4187 898 4350">
     <span class='ocr_line' id='line_1_38' title="bbox 190 4187 898 4263; baseline -0.011 -15"><span class='ocrx_word' id='word_1_315' title='bbox 190 4194 215 4263; x_wconf 75' lang='lat' dir='ltr'><strong>*l</strong></span> <span class='ocrx_word' id='word_1_316' title='bbox 234 4192 273 4248; x_wconf 80' lang='lat' dir='ltr'><strong>cf.</strong></span> <span class='ocrx_word' id='word_1_317' title='bbox 291 4190 422 4261; x_wconf 89' lang='lat' dir='ltr'><strong>Nipperd.</strong></span> <span class='ocrx_word' id='word_1_318' title='bbox 440 4189 470 4242; x_wconf 93' lang='lat' dir='ltr'><strong>in</strong></span> <span class='ocrx_word' id='word_1_319' title='bbox 486 4187 572 4258; x_wconf 87' lang='lat' dir='ltr'><strong>praef.</strong></span> <span class='ocrx_word' id='word_1_320' title='bbox 590 4188 625 4243; x_wconf 88' lang='lat' dir='ltr'><strong>od</strong></span> <span class='ocrx_word' id='word_1_321' title='bbox 643 4187 742 4242; x_wconf 84' lang='lat' dir='ltr'><strong>Annol.</strong></span> <span class='ocrx_word' id='word_1_322' title='bbox 760 4205 807 4257; x_wconf 80' lang='lat' dir='ltr'><strong>pg.</strong></span> <span class='ocrx_word' id='word_1_323' title='bbox 825 4187 898 4244; x_wconf 82' lang='lat' dir='ltr'><strong>XVI.</strong></span> 
     </span>
     <span class='ocr_line' id='line_1_39' title="bbox 173 4276 761 4350; baseline -0.015 -15"><span class='ocrx_word' id='word_1_324' title='bbox 173 4281 213 4350; x_wconf 86' lang='lat'><strong>**)</strong></span> <span class='ocrx_word' id='word_1_325' title='bbox 232 4279 271 4334; x_wconf 80' lang='lat' dir='ltr'><strong>ef.</strong></span> <span class='ocrx_word' id='word_1_326' title='bbox 288 4278 457 4346; x_wconf 77' lang='lat' dir='ltr'><strong>thflinius,</strong></span> <span class='ocrx_word' id='word_1_327' title='bbox 477 4276 547 4330; x_wconf 90' lang='lat' dir='ltr'><strong>Phil.</strong></span> <span class='ocrx_word' id='word_1_328' title='bbox 565 4276 637 4346; x_wconf 87' lang='lat' dir='ltr'><strong>XIV,</strong></span> <span class='ocrx_word' id='word_1_329' title='bbox 656 4293 682 4345; x_wconf 88' lang='lat' dir='ltr'><strong>p.</strong></span> <span class='ocrx_word' id='word_1_330' title='bbox 702 4276 761 4328; x_wconf 81' lang='lat'>115.</span> 
     </span>
    </p>
   </div>
   <div class='ocr_carea' id='block_1_5' title="bbox 0 0 1422 4814">
    <p class='ocr_par' dir='ltr' id='par_1_7' title="bbox 0 0 1422 4814">
     <span class='ocr_line' id='line_1_40' title="bbox 0 0 1422 4814; baseline 0 3"><span class='ocrx_word' id='word_1_331' title='bbox 0 0 1422 4814; x_wconf 95' lang='lat' dir='ltr'><strong> </strong></span> 
     </span>
    </p>
   </div>
  </div>
 </body>
</html>
