2836 4814
677 268 718 331 Io

220 453 335 518 Annei.
358 453 383 530 I,
405 451 445 531 X,
467 455 516 516 32.
549 452 766 536 „Quamquam
789 451 910 515 honora
931 450 1091 529 oratione,
1112 448 1271 536 quaedam

136 553 309 619 dahabitu
332 554 483 638 cultuque
505 558 538 618 et
565 554 721 619 institutis
750 555 817 619 eius
838 554 970 632 iecerat,
1008 573 1090 636 quae
1111 550 1197 617 velut
1217 567 1272 616 en-

135 657 274 724 eusando
295 654 534 742 exprobraret“.

219 759 301 825 Puto
322 781 357 824 re
377 776 453 822 vera
475 756 610 840 Augusti
631 756 670 821 de
691 756 808 822 Tiberii
830 757 969 823 moribus
991 757 1134 822 habitam
1156 755 1296 820 oratio--

136 880 207 926 uem
229 861 426 927 excusationi
454 859 649 924 simillimam
676 859 781 925 fuisse.
831 860 899 939 Quo
929 860 1015 926 facto
1044 856 1186 924 consulto
1216 861 1275 920 aut

136 964 254 1030 inritus
284 984 356 1029 eum
377 963 584 1047 vituperavit,
621 982 691 1027 oum
724 981 763 1026 ea
788 962 890 1027 solum
919 963 1122 1028 excusatione
1148 963 1274 1042 egeant,

136 1085 219 1152 quae
240 1064 480 1151 erprobratione
502 1064 599 1148 digna
620 1071 702 1129 sunt.

221 1167 337 1234 Annal.
360 1167 385 1248 I,
407 1166 509 1244 XVII,
533 1170 561 1230 2.
592 1168 774 1246 „Postremo
803 1166 959 1250 promptis
985 1168 1050 1230 iam
1079 1173 1111 1230 et
1133 1162 1205 1228 aliis
1226 1181 1275 1225 se-

137 1268 266 1336 ditionis
286 1269 440 1335 ministris
461 1269 549 1333 velut
570 1269 844 1335 contionabundus
865 1269 1096 1353 interrogabat,
1119 1287 1176 1331 eur
1195 1282 1276 1348 pau·

138 1373 183 1438 cis
211 1370 461 1451 centurionibus,
498 1370 701 1454 paucioribus
729 1371 865 1436 tribunis
893 1371 927 1434 in
954 1371 1082 1436 modum
1113 1386 1276 1434 servorum

137 1473 353 1540 oboedirent“.

77 1562 79 1567 ¹
222 1575 356 1660 Gregem
377 1574 531 1652 militum,
552 1594 631 1657 quos
654 1575 860 1655 Percennius,
882 1575 947 1640 dux
969 1574 1045 1640 olim
1068 1572 1277 1639 theatralium

138 1697 307 1763 operarum
322 1679 547 1755 concitaverat,
570 1676 702 1742 honesto
718 1677 844 1742 nomine
859 1679 1015 1742 contionis
1029 1676 1159 1742 Tacitus
1180 1675 1279 1756 signi·

138 1780 236 1846 ficare
256 1779 360 1844 noluit
380 1798 483 1863 neque
505 1777 640 1844 eandem
667 1780 707 1845 ob
734 1799 862 1844 causam
885 1799 974 1858 eum,
1011 1780 1065 1864 qui
1087 1778 1172 1863 apud
1194 1777 1279 1853 illos,

139 1885 283 1950 oratione
304 1900 364 1947 sua
384 1882 490 1964 ignem
510 1887 543 1945 et
564 1881 732 1947 materiam
753 1881 902 1946 seditioni
932 1881 1074 1947 subdidit
1095 1881 1280 1960 „contiona-

139 1985 302 2051 bundum“
325 1984 490 2050 nominare
513 2001 609 2049 ausus
632 1989 681 2049 est
703 1983 758 2048 sed
781 1982 889 2063 „velut
909 1982 1200 2062 contionabundus,
1229 1982 1280 2045 in·

140 2080 223 2173 quit,
246 2085 484 2168 interrogabat“
505 2091 565 2150 etc.

226 2188 274 2255 Ne
302 2189 429 2272 ignores
456 2187 506 2252 his
540 2187 644 2253 verbis
674 2187 809 2252 ironiam
842 2188 1005 2271 quandam
1036 2187 1215 2274 particulae
1247 2187 1279 2250 vi

140 2309 254 2357 messe.

227 2391 341 2458 Annal.
364 2392 389 2470 1,
411 2392 558 2471 XXXIII,
583 2397 610 2456 Ι.
640 2391 732 2472 „Non
754 2391 897 2457 florentis
920 2393 1066 2458 Caesaris
1087 2411 1190 2476 neque
1211 2389 1274 2454 suis

142 2496 175 2561 in
198 2495 320 2574 castris,
342 2494 399 2559 sed
421 2495 561 2560 velutin
584 2494 662 2560 urbe
684 2494 769 2559 victa
790 2493 887 2560 facies
907 2497 1106 2580 gemitusque
1128 2514 1166 2558 ac
1186 2492 1276 2577 plan·

142 2603 212 2664 ctus
233 2598 329 2662 etiam
351 2597 488 2662 militum
510 2617 603 2662 aures
626 2616 745 2680 oraque
767 2597 962 2663 adverteret

227 2699 379 2765 Conferaa
401 2699 625 2783 Nipperdeium
660 2699 745 2764 hunc
777 2700 819 2765 ad
853 2700 958 2765 locum
991 2701 1046 2785 qui
1075 2704 1183 2763 nostro
1214 2716 1280 2760 ser·

143 2822 235 2868 mone
257 2823 328 2868 sum
350 2801 505 2867 reddidit:
528 2802 600 2883 „cin
616 2801 700 2881 hild,
723 2803 780 2867 wie
802 2822 836 2868 es
857 2803 891 2867 in
907 2805 994 2868 einer
1009 2803 1169 2884 besiegten
1190 2799 1281 2864 stadt

142 2903 349 2971 vorhommt“.

228 3006 342 3072 Annal.
358 3005 466 3086 11,V1,
485 3010 533 3071 14.
557 3006 658 3086 „Nam
680 3007 809 3072 Rhenus
832 3029 895 3073 uno
918 3008 1008 3073 alveo
1030 3008 1198 3072 continuus
1221 3009 1282 3069 ant

143 3110 284 3175 modicas
312 3108 433 3174 insulas
461 3109 710 3175 circumveniens
738 3112 823 3197 apud
852 3111 1042 3196 principium
1073 3110 1144 3194 agri
1164 3108 1281 3174 Batavi

144 3212 286 3279 velutin
308 3211 387 3278 duos
408 3230 518 3276 amnes
538 3211 719 3278 dividitun‘.

228 3314 371 3380 Revera
398 3333 481 3378 unus
509 3318 580 3379 erat
608 3313 723 3381 fluvius
751 3317 806 3382 sed
835 3316 939 3400 specie
970 3322 1101 3381 externa
1122 3315 1282 3381 adductus
1318 3340 1321 3345 ⁹

144 3415 238 3483 facile
259 3417 446 3483 credidisses
466 3417 545 3483 duos
567 3437 635 3483 esse
656 3437 775 3484 amnes.

230 3519 341 3584 Annal.
360 3519 420 3599 III,
435 3520 584 3600 XXVIII,
603 3525 652 3585 10.
674 3523 827 3600 „acriora
849 3544 888 3586 ex
911 3542 948 3586 eo
970 3522 1089 3600 uincla,
1111 3521 1204 3585 inditi
1227 3540 1282 3584 eu·

145 3621 251 3688 stodes
273 3626 306 3687 et
327 3621 395 3706 Iege
417 3622 518 3707 Papia
538 3623 687 3708 Poppaea
709 3624 859 3708 praemiis
879 3625 1017 3702 inducti,
1047 3631 1096 3703 ut,
1126 3623 1154 3688 si
1175 3644 1194 3686 a
1216 3623 1283 3706 pri·

146 3723 269 3808 vilegiis
297 3730 466 3808 parentum
495 3733 686 3807 cessaretur,
722 3727 809 3793 velut
839 3747 954 3811 parens
976 3727 1115 3792 omnium
1145 3726 1285 3810 populus

145 3827 295 3892 vacantia
316 3832 468 3894 teneret“.

233 3927 344 3994 Annei.
368 3929 426 4010 111,
450 3932 514 4012 hv,
540 3938 588 3998 18.
617 3933 706 4013 „Nisi
734 3933 818 3999 forte·
844 3934 928 3999 inest
950 3933 1044 3997 rebus
1065 3933 1189 3997 eunctis
1210 3933 1284 4015 qui·

147 4033 221 4098 dam
242 4032 329 4098 uelut
350 4033 450 4115 orbis,
472 4040 509 4100 ut
523 4056 616 4119 quem
637 4036 807 4103 admodum
829 4042 1007 4121 temporum
1029 4037 1127 4112 vices,
1148 4035 1195 4100 ita
1216 4056 1284 4100 mo

67 4202 71 4209 ,
146 4157 217 4202 rum
238 4140 433 4201 vertantur“.

233 4241 282 4305 Ex
303 4245 372 4306 tota
392 4241 625 4307 enunciationis
650 4243 747 4323 facie,
776 4264 816 4307 ex
837 4242 956 4307 voculis
987 4239 1139 4307 adhibitis
1160 4243 1302 4333 „foetet
