2836 4814
602 759 692 838 Pars
717 760 745 838 Ι.

353 928 396 998 lle
418 946 474 998 usu
501 929 675 1017 particulae
698 931 830 1017 „quasl‘
854 930 992 1000 leutico.

169 1131 287 1194 'Nemo
309 1149 374 1193 non
394 1128 560 1213 intelligit,
596 1129 698 1213 qualis
720 1131 762 1195 sit
782 1129 960 1214 particulae
981 1129 1113 1213 „quasi‘
1137 1130 1241 1212 origo;

104 1232 308 1297 manifestum
329 1236 378 1295 est
400 1230 522 1296 duabus
538 1233 731 1316 apartibus,
754 1253 771 1296 e
793 1239 896 1316 „qua“
919 1239 951 1297 et
973 1232 1041 1312 ‚,si“
1063 1252 1133 1296 eam
1157 1251 1242 1295 com-

103 1335 239 1418 positam
262 1353 337 1398 esse.
381 1333 458 1399 Jure
486 1334 585 1416 igitur
615 1357 654 1400 ex
685 1335 797 1399 harum
824 1334 960 1399 duarum
983 1355 1094 1399 vocum
1123 1339 1242 1398 natura

105 1436 293 1502 concludere
331 1435 419 1516 licet,
458 1436 643 1520 primariam
679 1437 856 1522 particulae
890 1439 954 1502 vim
991 1435 1240 1521 comparativam

105 1539 201 1604 fuisse
223 1543 319 1622 atque
349 1538 409 1603 hac
430 1560 470 1603 ex
496 1538 635 1622 genuina
664 1539 895 1624 significatione
918 1545 1055 1617 ceteras,
1092 1558 1172 1621 quaa
1194 1538 1241 1601 iu·

105 1643 272 1717 venimus,⁴
300 1661 473 1705 emanasse.
518 1642 606 1719 Quae
628 1662 699 1706 cum
728 1643 776 1706 ita
798 1643 876 1720 sint,
913 1642 940 1707 si
961 1640 1119 1706 accuratis
1141 1640 1242 1724 parti-

106 1744 195 1808 culae
219 1744 281 1807 vim
303 1741 419 1807 finibus
446 1743 703 1808 circumscribere
725 1744 870 1808 volumus
901 1751 986 1808 recte
1009 1742 1169 1808 Wdlflinio
1192 1763 1242 1807 as·

106 1848 295 1924 sentimur,
333 1845 387 1928 qui
410 1845 449 1910 de
472 1846 630 1928 particula
652 1845 779 1926 ‚,velut“
803 1844 976 1923 disserens,
1011 1866 1081 1910 eam
1103 1843 1240 1925 eosdem,

106 1967 184 2031 quos
206 1946 338 2030 „quaei‘
354 1952 387 2011 et
405 1955 610 2032 „tamquam“
633 1944 872 2030 significationis
888 1948 1006 2029 gradus
1019 1967 1148 2032 passam
1163 1967 1241 2026 esse,

106 2049 300 2132 explicat*).
343 2048 452 2128 „Doch
474 2051 531 2114 wir
559 2049 664 2114 haben
692 2050 774 2116 noch
805 2049 855 2113 ein
878 2049 990 2114 drittes
1021 2070 1242 2134 synonymum,

106 2151 237 2216 welches
258 2171 361 2234 geneu
384 2151 445 2215 den
468 2151 609 2234 gleichen
634 2174 700 2236 weg
723 2152 973 2236 durchgemacht
993 2151 1067 2232 hat,
1102 2153 1161 2217 wie
1183 2152 1242 2217 das

106 2255 223 2318 zuletzt
245 2259 402 2336 genennte
426 2255 570 2338 „quasi“‚
608 2260 713 2320 zuerst
743 2254 793 2320 bei
816 2254 1039 2338 vergleichuug
1066 2255 1242 2340 gebrauoht

104 2357 228 2435 warde,
251 2356 393 2421 nachher
408 2346 500 2421 einen
522 2357 646 2436 scheiu,
669 2358 761 2422 einen
783 2355 924 2421 falsoheu
948 2357 1072 2437 schem,
1096 2358 1166 2423 eine
1188 2380 1242 2441 ge·

106 2459 259 2541 griindete
293 2458 368 2523 oder
400 2459 640 2543 ungegriindete
670 2459 888 2542 vorstellung,
927 2459 1020 2524 einen
1055 2460 1159 2544 grund
1188 2459 1241 2525 be·

105 2560 277 2625 zeichnet“.
322 2559 385 2626 Suo
415 2561 484 2626 loco
506 2562 544 2625 de
566 2562 663 2626 variis
684 2561 928 2645 significationis
951 2562 1119 2644 generibus
1141 2561 1239 2646 expli·

104 2663 206 2726 catius
228 2662 520 2746 disputabimus-
537 2666 600 2727 Aut
621 2683 693 2727 oum
714 2664 809 2729 verbo
832 2663 923 2728 finito
946 2664 1148 2748 coniungitur
1167 2686 1239 2749 par·

103 2764 201 2829 ticula
224 2768 306 2845 (tum
327 2765 365 2831 fit
393 2767 496 2832 forma
526 2765 638 2831 similis
667 2787 724 2850 per
746 2766 949 2833 collationem
974 2767 1153 2852 compositi)
1183 2772 1240 2832 aut

29 2889 35 2900 ·
103 2867 169 2931 siue
192 2867 287 2932 verbo
308 2867 399 2933 finito
422 2868 590 2934 exhibetur
610 2873 690 2948 (tum
714 2869 806 2934 adest
827 2871 931 2935 forma
954 2869 1065 2934 similis
1087 2891 1145 2953 per
1167 2869 1238 2935 bre·

102 2969 232 3033 ritatem
260 2971 445 3054 compositi,
483 2971 522 3036 ol.
545 2972 636 3036 Auct.
660 2971 700 3036 ad
730 2972 870 3037 Hereuu.
901 2971 954 3052 lv,
985 2972 1070 3056 679).
1114 2971 1237 3055 Viginti

103 3092 157 3135 sex
185 3073 329 3156 exempla
356 3074 442 3157 apud
472 3073 616 3139 Tacitum
643 3075 863 3153 inveniuntur,
899 3074 1014 3158 quibus
1043 3094 1114 3138 cum
1142 3073 1238 3139 verbo

103 3175 270 3240 coniuncta
303 3181 335 3240 et
368 3177 397 3240 vi
429 3176 567 3259 quadam
600 3175 807 3241 conditionali
833 3176 980 3261 praedita
1006 3174 1238 3240 coniunctionis

103 3281 210 3360 partes
241 3279 379 3362 suscepit
408 3277 583 3362 particula,
613 3299 709 3361 quam
738 3284 774 3343 ut
806 3279 890 3361 apud
921 3284 1042 3342 ceteros
1071 3278 1240 3361 scriptores

103 3379 261 3443 Romanos
291 3381 387 3445 etiam
430 3381 514 3465 apud
547 3381 692 3446 Tacitum
734 3402 858 3465 semper
898 3379 1010 3444 modus
1047 3379 1239 3444 coniunctivi

103 3483 253 3564 sequitur.
312 3481 458 3547 Occurrit
492 3489 600 3548 autem
639 3484 855 3549 coniunctivus
892 3481 1074 3565 Imperfecti
1115 3481 1163 3547 bis
1204 3487 1237 3547 et

101 3583 210 3662 vicies,
247 3585 464 3649 coniunctivae
495 3586 798 3670 Plusquamperfecti
836 3590 958 3669 quater.
1010 3583 1237 3650 Coniunctivus

102 3705 175 3750 vero
221 3707 292 3753 eam
338 3688 377 3753 ob
418 3709 546 3755 causam
585 3689 701 3773 ubique
737 3689 866 3773 ponitur
901 3687 935 3751 iu
972 3687 1022 3751 his
1057 3686 1236 3752 enunciatis

101 3789 297 3854 secundariis
331 3811 351 3855 a
383 3792 513 3873 ,suasu
540 3790 762 3875 pendentibus,
800 3790 884 3873 quod
914 3808 1143 3872 nonnunquam
1176 3790 1237 3856 uisi

101 3912 151 3955 res
190 3893 223 3955 iu
263 3894 454 3975 cogitatione
493 3893 561 3957 sola
603 3894 741 3957 existens
782 3893 827 3957 eis
862 3890 1062 3976 exprimitur.
1127 3891 1235 3975 Inqui-

65 4067 68 4071 ,
101 3995 245 4060 rentibus
275 3996 365 4061 uobis
397 3995 536 4078 singulos
568 3995 602 4060 iu
625 3994 709 4059 locos
730 3993 823 4059 liceat
844 3995 983 4079 primum
1006 3993 1046 4059 de
1069 3994 1115 4077 eis
1137 4013 1235 4077 quae·

100 4101 221 4165 sionem
261 4099 444 4180 instituere,
497 4099 611 4183 quibus
653 4097 810 4182 particula
852 4094 1081 4161 coniunctionis
1127 4101 1234 4179 partes

152 4263 176 4332 *)
195 4263 292 4317 emm.
310 4262 409 4330 xxrv,
426 4279 453 4332 p.
473 4265 532 4316 122.
