2836 4814
621 296 662 357 49

158 476 272 543 Annal.
293 478 383 557 XIII,
405 477 503 557 XXV,
529 481 576 543 18.
609 477 800 557 „Ludicram
829 498 955 563 quoque
984 470 1145 544 licentiam
1175 483 1208 545 et

72 579 215 645 fautores
241 579 429 651 histrionum
451 577 538 645 velut
567 581 601 645 iu
628 580 751 665 proelia
772 581 930 646 convertit
955 581 1146 665 impunitate
1174 586 1208 647 et

72 681 252 766 praemiis“.

157 812 271 877 Annal.
295 811 389 890 XIII,
411 810 551 890 XXVII,
576 815 625 875 11.
659 811 765 891 „Quos
792 811 933 877 vindicta
959 817 1113 897 patrenus
1141 834 1204 878 non

71 915 254 980 liberaverit
283 913 370 978 velut
399 913 502 978 vinclo
530 913 692 980 servitutis
719 914 858 980 attineri.
903 913 950 980 cf.
973 913 1118 993 Didoni,
1148 915 1205 979 lat.

71 1014 145 1098 Syn.
169 1016 223 1094 IV,
247 1020 318 1080 284.

75 1162 78 1167 ·
155 1145 267 1209 Annal.
281 1144 371 1224 Xlll,
393 1144 539 1222 XXXXI,
565 1149 613 1208 14.
635 1114 811 1223 „Adicitur
832 1142 1020 1209 miraculum
1041 1143 1127 1210 velut
1148 1165 1207 1210 nu·

69 1249 154 1312 mine
177 1247 348 1312 oblatum“.
1050 1284 1056 1297 ·
1096 1269 1100 1277 ·

153 1377 305 1442 Conferas
326 1374 478 1460 Nipperd.
503 1373 640 1440 Praefat.
664 1374 706 1440 ad
730 1371 843 1439 Annal.
867 1373 1036 1458 pg.x111..

155 1504 269 1570 Annal.
294 1502 383 1583 XIII,
406 1500 571 1583 XXXXll,
596 1505 643 1566 le.
676 1501 815 1583 „Romae
846 1504 1038 1567 testamenta
1060 1505 1092 1568 et
1113 1502 1207 1570 orbos

69 1608 155 1673 velut
175 1607 326 1690 indagine
347 1605 415 1670 eins
438 1605 539 1688 capit

152 1735 260 1819 Imago
290 1756 329 1801 ex
358 1754 501 1799 sermone
524 1733 674 1812 (maxime
703 1735 842 1818 poetico)
864 1737 1050 1799 venatorum
1080 1738 1206 1820 sumpta

68 1843 126 1902 est.
170 1835 536 1920 cf.xgrie.xxxvl1;
573 1834 640 1900 niv.
664 1835 740 1914 VII,
763 1839 814 1902 31.
868 1834 1203 1925 cf.Boetucn.‚10x.

66 1938 143 2004 Tac.
165 1959 216 2022 pg.
240 1942 310 2002 252.

155 2066 267 2131 Annal.
290 2066 375 2144 XIV,
398 2065 453 2144 VI,
476 2069 503 2131 3.
529 2064 620 2145 „Illic
641 2069 793 2150 reputans
814 2063 886 2130 ideo
908 2084 942 2131 se
962 2065 1131 2133 fallacibus
1152 2066 1205 2132 lit-

66 2170 144 2234 teris
158 2170 293 2234 accitam
306 2174 339 2234 et
353 2169 472 2234 honore
486 2168 657 2252 praecipuo
673 2167 825 2247 habitem,
847 2167 996 2252 quodque
1012 2168 1089 2233 litus
1103 2169 1203 2248 iuxta,

68 2291 131 2336 non
156 2272 257 2336 ventis
286 2277 375 2350 acta,
413 2291 477 2335 non
499 2270 585 2334 saxis
616 2268 753 2353 impulsa
784 2271 875 2335 navis
896 2291 1021 2336 summa
1041 2271 1091 2335 sui
1106 2275 1205 2355 wparte

69 2373 167 2438 veluti
188 2379 339 2438 terrestre
361 2371 651 2437 machinamentum
673 2370 881 2436 concidisset“
903 2377 963 2438 ete.

154 2511 269 2575 Annal.
291 2511 375 2590 XIV,
397 2509 559 2589 XXXVII,
582 2515 610 2574 3.
642 2511 708 2589 „hc
737 2510 875 2593 primum
902 2509 985 2594 legio
1013 2511 1116 2593 gradu
1145 2512 1203 2576 im·

67 2617 155 2677 mota
176 2618 208 2678 et
229 2615 392 2696 angustias
412 2611 473 2679 loci
495 2634 552 2697 pro
573 2612 770 2679 munimento
792 2613 948 2694 retinens,
977 2619 1146 2699 postquam
1169 2615 1202 2680 in

66 2714 196 2799 propius
216 2736 400 2799 suggressos
429 2716 535 2782 hostes
557 2721 643 2781 certo
672 2715 758 2780 iactu
788 2715 853 2781 tela
875 2715 1079 2800 exhauserat,
1115 2717 1203 2784 velut

66 2836 166 2882 cuneo
188 2818 323 2902 erupit“.

152 2947 231 3012 Cum
261 2947 491 3030 significatione
521 2947 649 3032 propria
676 2953 709 3014 et
738 2947 860 3031 vulgari
888 2946 929 3013 ad
960 2947 1200 3014 similitudinem

68 3048 305 3132 exprimendam
328 3071 435 3114 vocem
456 3051 548 3115 cunei
569 3049 715 3115 adhibuit
738 3050 881 3130 Tacitus,
911 3050 1023 3116 addita
1044 3051 1201 3134 particula

68 3149 194 3234 „velut“
220 3151 254 3215 in
277 3151 411 3234 Agricol.
435 3151 510 3235 Gap.
534 3151 572 3216 X.
616 3150 812 3233 Significatio
842 3152 1015 3235 translata,
1052 3164 1117 3237 qula
1145 3153 1199 3218 de·

65 3253 172 3338 signat
192 3252 333 3337 peditum
357 3253 594 3320 multitudinem
614 3252 648 3317 in
670 3245 762 3319 cunei
789 3254 924 3325 sormam
946 3255 1199 3334 redactamssae·

65 3357 192 3439 pissime
214 3356 255 3421 ab
277 3377 314 3422 eo
336 3362 491 3442 usurpata
512 3362 575 3421 est:
600 3354 681 3420 Hist.
698 3356 752 3437 lV,
771 3360 808 3422 16
825 3363 858 3423 et
873 3361 929 3438 20;
951 3357 990 3437 V,
1008 3361 1055 3421 16.
1093 3344 1198 3423 Germ.
1224 3420 1226 3424 ⁴

66 3456 119 3523 VI.
163 3456 280 3522 Annal.
303 3458 329 3537 l,
350 3457 409 3539 513
430 3457 515 3539 XIV,
539 3462 578 3524 37
601 3463 678 3538 etc.;
713 3457 766 3524 sed
789 3478 945 3543 nusquam
967 3459 1028 3525 nisi
1049 3459 1108 3526 hec
1129 3460 1198 3527 loeo

64 3558 222 3644 particula
242 3558 353 3624 addita
374 3565 431 3625 est.

150 3705 262 3771 Annal.
285 3706 371 3788 XIV,
392 3707 460 3786 LII,
483 3712 513 3772 2.
536 3707 642 3787 „Mors
664 3706 759 3772 Burri
780 3663 910 3790 infregit
930 3705 1067 3772 Senecae
1087 3712 1197 3791 poten·

64 3809 159 3887 tiam,
195 3809 271 3890 quia
299 3829 358 3874 nec
386 3809 475 3874 bunis
504 3810 627 3875 artibus
656 3810 738 3875 idem
763 3809 876 3873 virium
897 3813 968 3873 erat
987 3808 1089 3875 altero
1110 3809 1197 3877 velut

64 3908 143 3974 duce
166 3915 286 3990 amoto,
309 3918 341 3976 et
362 3911 446 3977 Nero
468 3912 510 3977 ad
531 3910 705 3976 deteriores
724 3909 926 3975 inclinabat“.
1014 3967 1015 3970 ,

148 4066 262 4132 Annel.
284 4066 369 4148 XIV,
391 4065 477 4146 LIII,
503 4070 551 4130 10.
575 4064 723 4144 „Abavus
744 4070 819 4130 tuus
841 4067 1002 4148 Augustus
1023 4063 1194 4150 1113111)-

62 4190 123 4253 pae
144 4169 352 4253 Mytilenense
373 4175 545 4247 secretum,
583 4167 616 4232 C.
642 4167 818 4232 Maecenati
848 4166 925 4231 urbe
952 4167 986 4230 in
1014 4165 1085 4248 ipsa
1106 4166 1193 4232 velut

61 4274 261 4355 peregrinum
282 4273 382 4337 otium
403 4271 575 4355 permisit“.

954 4406 957 4413 ·
969 4390 987 4441 4
