2836 4814
686 292 721 350 31

223 473 336 537 Annal.
360 473 429 553 XV,
451 473 518 551 XV,
543 476 570 536 3.
601 472 752 551 „Interim
782 471 904 537 flumini
928 472 1082 563 Arsaniae
1105 473 1146 559 (is
1167 477 1273 538 castra

136 575 351 662 praefluebat)
373 581 501 658 pontem
522 575 692 658 imposuit,
716 575 818 658 specie
840 573 898 637 sibi
921 574 1001 638 illud
1024 575 1085 639 iter
1106 576 1272 660 expedien-

137 681 196 759 tis,
218 679 274 742 sed
296 679 406 742 Parthi
427 677 519 761 quasi
540 678 764 742 documentum
787 677 936 741 victoriae
959 677 1146 742 iusserant“.

223 781 293 845 Hoc
321 802 445 864 quoque
479 780 656 863 exemplum
693 781 776 843 inter
806 778 1064 844 manifestissima
1093 779 1271 845 habendum

140 889 202 962 est,
238 903 311 946 nam
339 904 430 947 nemo
459 903 521 945 nou
554 883 684 958 videbit,
722 881 933 947 necessariam
956 902 1023 946 esse
1045 881 1273 973 oppositionem

139 988 223 1050 inter
245 985 387 1069 ,‚specie“
409 984 524 1067 prioris
548 985 678 1049 membri
701 989 733 1047 et
754 984 838 1048 iuter
861 985 993 1067 „quasi‘
1015 984 1155 1048 secundi.
1199 984 1274 1068 Spe-

139 1088 197 1153 ciei
220 1094 328 1152 autem
351 1089 495 1172 opposita
529 1092 577 1150 cst
606 1108 710 1150 rerum
733 1086 859 1150 veritas.
906 1085 1096 1150 Reddendus
1117 1092 1165 1151 est
1187 1087 1274 1151 locus

138 1195 249 1254 nostra
271 1189 396 1272 lingua:
420 1210 511 1267 „zum
535 1189 648 1254 beweis
670 1189 756 1253 ihres
772 1190 907 1272 sieges“;
931 1209 1059 1272 graece:
1082 1182 1127 1266 ὡς
1148 1183 1274 1275 ἔλεγχον

136 1294 196 1379 τῆς
218 1293 316 1378 reads.
362 1291 410 1356 Cf.
433 1291 554 1372 wolfi,
577 1290 691 1354 Philol.
715 1290 831 1370 XXIV,
855 1314 904 1375 pg.
932 1294 1002 1355 120.

225 1421 340 1485 Annal.
363 1422 430 1501 XV,
452 1422 604 1498 XXXIII,
620 1426 648 1485 5.
673 1421 764 1499 „Nou
787 1428 894 1485 tamen
918 1420 1037 1484 Romae
1059 1421 1197 1504 incipere
1218 1443 1273 1487 au·

138 1545 193 1588 sus
214 1523 380 1606 Neapolim
403 1525 494 1607 quasi
517 1523 670 1588 Graecam
691 1522 802 1587 urbem
825 1523 970 1604 delegit“.

225 1627 325 1705 „Weil
356 1647 389 1690 es
420 1628 490 1690 eine
519 1625 713 1708 griechisebe
747 1625 834 1689 stadt
855 1632 949 1689 war“.
994 1626 1124 1690 Acriore
1152 1627 1184 1690 in
1208 1626 1275 1692 dies

140 1729 286 1811 cupidine
314 1735 447 1793 rexatus
478 1729 561 1792 Nero
590 1728 762 1811 promiscas
791 1748 921 1793 scaenas
949 1727 1172 1810 frequentandi
1200 1730 1275 1794 inde

140 1830 266 1895 initium
288 1833 377 1909 fecit,
407 1838 445 1894 ut
466 1830 526 1896 hac
547 1832 579 1894 in
604 1830 682 1895 urbe
704 1829 898 1914 approbatus
919 1831 953 1894 in
977 1830 1128 1896 Achaiam
1152 1832 1275 1898 laoilius

139 1933 319 2016 transgredi
339 1940 455 2018 posset.

226 2062 339 2127 Annal.
361 2063 430 2142 XV,
451 2061 567 2139 LVIII,
589 2066 618 2124 5.
651 2060 918 2144 „Volitabautque
949 2082 1005 2144 per
1027 2061 1112 2142 fora,
1141 2083 1198 2147 per
1220 2063 1273 2128 do·

139 2185 226 2246 mos,
257 2186 333 2229 rura
355 2185 481 2248 quoque
504 2169 536 2229 et
564 2165 708 2248 proxima
730 2163 972 2247 municipiorum
995 2166 1118 2248 pedites
1139 2165 1275 2247 equites-

139 2289 214 2352 que,
252 2269 401 2351 permixti
424 2261 604 2346 Germauis,
643 2265 758 2350 quibus
790 2266 910 2330 fidebat
939 2266 1087 2350 princeps
1108 2270 1198 2350 quasi
1222 2289 1275 2332 ex-

138 2371 268 2435 ternis“.

226 2471 305 2534 Cum
322 2471 446 2536 detecta
467 2472 733 2537 nobilissimorum
750 2472 962 2536 Romanorum
980 2470 1197 2537 coniuratione
1213 2473 1275 2538 Ne-

141 2573 228 2636 ronis
249 2593 347 2656 pavor
377 2575 478 2657 magis
501 2577 664 2657 magisque
696 2583 853 2638 cresceret
882 2593 1016 2656 cumque
1046 2593 1138 2637 omne
1161 2595 1273 2640 nomen

140 2673 319 2737 Romanum
342 2682 510 2751 metueret,
542 2698 606 2741 non
630 2676 750 2741 diutius
772 2676 923 2741 Romanis
945 2675 1099 2740 militibus
1121 2676 1176 2740 sed
1198 2677 1274 2742 Ger-

139 2777 244 2840 manis
266 2775 402 2842 fidebat:
426 2780 516 2858 „weil
538 2781 584 2844 sie
606 2779 778 2844 ausliinder
799 2785 935 2844 waren“.

224 2906 340 2972 Annal.
363 2909 448 2987 XVI,
472 2910 550 2974 VIII
577 2915 624 2973 ll.
657 2911 735 2989 „Qui
760 2909 934 2988 (Volcatius
956 2907 1102 2972 Tullinus
1130 2928 1168 2972 ae
1190 2909 1275 2974 Mar·

142 3008 240 3074 collus
263 3010 428 3076 Cornelius
457 3019 619 3076 senatores
642 3021 675 3076 et
698 3012 890 3096 Calpurnius
919 3010 1060 3074 Fabatus
1087 3031 1184 3093 eques
1203 3013 1274 3077 Βο-

140 3114 267 3196 manus)
290 3113 450 3197 appellato
479 3115 622 3197 principe
652 3116 826 3179 instantem
854 3113 1090 3177 damnationem
1119 3112 1274 3194 frustrati,

140 3236 215 3279 mox
238 3215 396 3280 Neronem
420 3217 505 3280 circa
528 3237 652 3281 summa
674 3216 793 3281 scelera
815 3216 1002 3296 distentum,
1025 3215 1116 3298 quasi
1139 3217 1275 3282 minores

139 3325 298 3383 eraserat

226 3419 328 3500 „Weil
350 3422 394 3484 sie
417 3421 676 3486 unbedeuteuder
698 3427 832 3485 waren“.
878 3421 958 3484 Nam
981 3421 1008 3484 si
1023 3420 1141 3485 maiore
1164 3427 1275 3505 poten-

141 3525 188 3588 tia
215 3523 470 3606 auctoritateque
500 3523 681 3589 floruissent
701 3523 785 3588 Nero
815 3530 901 3588 certe
932 3544 1040 3587 eorum
1064 3522 1181 3588 oblitus
1210 3546 1275 3590 uon

139 3631 232 3691 esset.

226 3755 362 3835 „Annal
386 3757 470 3836 XVI,
493 3756 612 3835 XVIII,
638 3760 686 3819 13.
721 3755 831 3835 „Unde
859 3756 980 3820 invidia
1008 3757 1154 3839 Tigellini
1184 3761 1275 3842 quasi

140 3857 292 3923 adversus
313 3860 473 3923 aemulum
496 3864 528 3923 et
550 3859 683 3922 seientia
707 3858 905 3941 voluptatum
926 3860 1111 3942 potiorem‘.

227 3962 273 4029 Re
294 3984 369 4027 vera
390 3962 417 4025 is
439 3963 500 4038 vir,
530 3963 583 4044 qui
612 3961 695 4025 inter
717 3982 833 4045 paucos
854 3961 1059 4026 familiarium
1081 3962 1197 4027 Neroni
1219 3962 1274 4027 ad·

140 4073 287 4151 sumptus
318 4071 402 4144 erat,
440 4066 614 4146 elegantiae
648 4064 784 4143 arbiter,
821 4065 895 4128 dum
929 4064 1009 4129 nihil
1039 4085 1205 4129 amoenum
1243 4071 1276 4128 et

141 4169 236 4233 molle
258 4168 422 4232 affluentia
444 4167 569 4251 putavit
589 4167 753 4251 princeps,
790 4168 851 4231 uisi
873 4167 957 4250 quod
980 4168 1008 4231 ei
1031 4166 1198 4231 Petronius
1219 4187 1274 4249 ap-

140 4271 353 4355 probavisset,
376 4270 579 4353 gravissimus
600 4269 748 4351 Tigellini
770 4270 913 4334 aemulus
935 4269 1004 4334 fuit.
