2836 4814
682 279 722 349 aa

219 464 322 554 „Woil
342 471 425 538 neth
444 469 533 537 ihrer
551 470 717 554 meinung,
747 467 849 536 durch
870 468 933 534 den
953 467 1087 535 autruhr
1109 467 1191 535 auch
1211 485 1275 534 en·

136 574 224 655 dmr,
244 573 314 640 ihre
333 573 447 640 eohuld
465 573 580 658 getilsst
599 573 732 638 sverde“.

27 680 30 689 '
216 677 309 742 Haeo
323 676 560 761 otgtmentatio
581 695 601 739 a
622 674 754 740 rudibus
775 673 910 740 miiitum
941 673 1056 739 animis
1077 673 1182 739 eliens
1202 686 1274 738 esse

136 798 206 846 nou·
222 779 358 844 videto-r.
401 783 556 843 Attamen
576 777 687 860 negari
708 786 773 841 noir
793 781 912 860 potest,
933 776 1031 841 etiam
1051 776 1099 841 ita
1117 772 1274 860 explicari

137 897 228 968 posse
256 880 376 958 locum,
410 885 448 944 ut
470 879 614 946 Tacitum
635 879 809 944 vanitatem
841 891 949 944 eornm
978 878 1133 963 opinionis
1161 876 1275 942 addita

137 981 297 1068 particula
323 982 450 1065 operire
478 982 722 1071 vituperamus
750 980 885 1046 voluisse
914 981 1096 1047 credamus:
1135 981 1201 1062 „als
1229 980 1274 1046 ob

137 1084 206 1149 ihre
227 1083 339 1150 schuld
360 1077 473 1167 getil'gt
493 1083 628 1172 wdrde‘t
673 1082 890 1177 Repetendum
918 1089 983 1163 est,
1020 1083 1105 1168 quod
1132 1083 1197 1148 iam
1219 1094 1275 1147 su·

137 1207 197 1271 pra
218 1186 546 1264 commemoravimus,
583 1206 639 1250 nos
672 1206 730 1270 pro
763 1189 851 1250 certo
868 1184 1045 1251 diiudicare
1074 1196 1138 1251 noir
1167 1198 1275 1270 posse,

138 1288 244 1374 qualis
275 1289 317 1353 sit
347 1306 422 1353 vera
451 1292 488 1353 et
515 1288 558 1352 ab
591 1275 700 1353 lecito
729 1289 831 1371 ¹petita
863 1285 1039 1370 particulae
1071 1277 1274 1372 significatio.

139 1391 290 1455 Attamen
318 1390 351 1454 in
377 1389 576 1474 explicandis
610 1388 661 1454 his
698 1389 777 1455 locis
812 1388 995 1472 interpretis
1028 1388 1209 1454 libertatem
1238 1376 1275 1452 in

138 1490 302 1557 libidinem
333 1500 399 1556 nen
430 1492 582 1557 vertimus
612 1509 717 1573 nsque
751 1495 870 1556 temere
903 1492 983 1556 viam
1021 1496 1069 1556 tot
1099 1489 1275 1574 insignium

138 1592 416 1678 grammaticorum
438 1592 578 1677 vestigiis
604 1591 758 1657 detritam
787 1593 956 1659 vitavimus
984 1595 1142 1677 aliamque
1162 1597 1197 1657 et
1217 1608 1276 1656 no

139 1705 209 1760 vam
239 1695 372 1778 ingressi
399 1708 518 1759 sumus.
562 1688 633 1760 Non
656 1696 740 1759 enim
762 1694 878 1761 desunt
902 1707 1031 1776 causae,
1067 1694 1181 1779 quibus
1202 1713 1277 1778 per-

139 1797 218 1863 moti
236 1801 380 1861 nostrum
410 1796 451 1860 ad
482 1795 634 1862 indicium
663 1794 703 1861 de
733 1797 912 1881 particulae
941 1800 971 1863 vi
1000 1796 1209 1883 pervenimus.
1231 1830 1277 1842 -

139 1899 278 1966 Primam
301 1906 427 1975 causam
459 1919 499 1962 ex
532 1903 600 1964 toto
621 1897 723 1963 Taciti
754 1899 912 1965 scribendi
940 1907 1057 1983 genere
1087 1910 1277 1979 summeque

141 2020 181 2066 ex
211 2000 273 2065 fide
305 1998 483 2077 hausimus,
520 2020 584 2083 qua
612 2019 708 2083 opera
736 2021 809 2080 sua,
846 2003 982 2067 maxime
1003 2001 1121 2085 scripta
1142 1998 1278 2078 maiora,

140 2100 299 2167 Historias
316 2105 353 2166 et
373 2099 514 2164 annales
534 2102 724 2184 composuit,
760 2093 875 2186 quibus
904 2104 1026 2188 egregie
1054 2107 1190 2168 testatus
1217 2105 1278 2180 est,

141 2223 175 2270 ss
196 2222 352 2268 summam
375 2203 525 2267 virtutem
556 2217 679 2283 eorum,
707 2204 763 2287 qui
784 2215 835 2269 res
856 2212 961 2288 gestas
982 2203 1169 2282 scriberent,
1202 2217 1279 2267 oon-

141 2309 283 2372 seoutum
309 2317 380 2370 esse
413 2302 541 2388 fereque
573 2320 696 2388 semper
722 2305 879 2390 integram
906 2321 1055 2373 servasse.
1099 2305 1160 2384 Qui
1186 2303 1280 2394 iacta

142 2412 176 2474 et
196 2427 248 2472 res
269 2410 375 2490 gestas
395 2406 566 2471 memoriae
587 2406 723 2472 tradidit
742 2421 856 2492 esque,
895 2418 976 2493 quae
1004 2407 1147 2473 homi-nes
1175 2406 1208 2470 in
1230 2407 1279 2471 eis

143 2508 343 2595 perficiendis
360 2509 556 2592 cogitarent,
589 2509 745 2589 narravit,
773 2511 830 2594 qui
852 2516 974 2591 autem,
994 2512 1024 2576 si
1045 2524 1158 2574 causas
1178 2509 1279 2574 ratio·

143 2618 261 2697 neuque
282 2609 398 2694 quibus
427 2609 825 2694 mundissimamque
853 2630 963 2678 sensus
991 2612 1104 2697 quibus
1127 2612 1280 2678 commoti

143 2720 218 2779 sunt
237 2711 444 2796 introspicere
472 2716 568 2796 atque
596 2712 734 2778 dilucide
761 2714 937 2798 intelligere
958 2728 1021 2780 non
1042 2717 1175 2801 poterit,
1211 2734 1279 2781 non

144 2823 235 2882 suam
265 2815 426 2900 propriam
456 2813 499 2879 de
528 2813 626 2879 rebus
654 2815 844 2880 sermotiem
865 2816 912 2881 eis
940 2815 1109 2903 imputavit
1129 2812 1185 2882 ssd
1212 2817 1278 2883 for-

144 2916 239 2983 malis
261 2917 356 2982 certis
378 2916 567 3003 tinoemum
587 2922 650 2980 an“
671 2917 902 3004 similibusque)
929 2933 1019 2984 omne
1041 2920 1197 2986 cautionis
1224 2938 1276 3004 ge·

144 3038 205 3086 nus
219 3017 373 3085 adhibuit
389 3025 489 3103 atque
509 3017 689 3101 legentibus
708 3020 869 3106 permisit,
904 3020 999 3104 quale
1020 3021 1172 3087 iudicium
1194 3020 1280 3088 ferre
1341 3033 1342 3036 ’

144 3120 271 3189 vellent.

229 3223 318 3288 Haec
339 3220 535 3288 obieotivitas
555 3222 595 3287 iis
616 3238 741 3306 qnoque
762 3221 838 3290 loois
859 3242 1013 3309 apparere
1032 3224 1171 3305 videtur,
1197 3246 1279 3308 quos

146 3334 203 3394 noi
239 3326 272 3392 in
304 3324 551 3412 disputetionem
586 3326 780 3392 vocavimus:
816 3326 931 3410 quibus
961 3344 1052 3391 snam
1086 3328 1279 3392 sententiam

147 3446 212 3496 non
233 3428 345 3508 edidit,
368 3427 545 3512 quibusque
565 3440 693 3508 causas,
712 3449 754 3494 ex
769 3429 884 3514 quibus
903 3428 990 3493 lacta
1011 3433 1082 3493 orta
1106 3433 1189 3507 sunt,
1211 3448 1279 3495 non

147 3535 184 3596 ut
206 3550 295 3612 suas,
317 3529 379 3596 sed.
393 3535 430 3594 ut
450 3529 596 3614 proprias
617 3530 780 3598 homiuum
801 3531 946 3617 protulit,
978 3530 1017 3596 de
1038 3506 1152 3616 quilius
1174 3548 1279 3596 sermo

147 3632 297 3712 habetur,
332 3638 370 3697 ut
400 3631 540 3714 legentes
573 3632 642 3698 sine
671 3635 721 3700 ira
751 3639 785 3709 et
816 3634 922 3701 ¹studio
941 3634 1117 3700 diiudicare
1145 3634 1278 3717 possint,

147 3741 255 3802 utrum
275 3753 368 3800 verae
386 3753 430 3798 en
451 3733 550 3798 falsae
572 3734 645 3799 sint
667 3775 708 3786 -

231 3838 281 3901 Ex
304 3835 365 3913 eis,
397 3856 482 3920 quae
509 3840 598 3902 recta
615 3852 686 3902 esse
707 3838 923 3920 cognovimus,
959 3858 1029 3903 oum
1051 3837 1090 3902 de
1118 3837 1280 3922 particula

148 3938 279 4023 „quasi“
313 3937 554 4016 dissereremus,
589 3938 760 4004 secundam
797 3941 986 4023 sumpsimus
1016 3956 1153 4004 oausam.
1208 3941 1280 4006 Hac

149 4040 233 4106 enim
260 4039 294 4104 in
324 4041 508 4125 quaestione
538 4040 705 4106 didicimus
724 4041 820 4106 certis
851 4040 928 4106 locis
959 4041 1088 4126 (Annal.
1111 4040 1195 4122 XIV,
1218 4048 1279 4122 65;

149 4143 218 4222 XV,
242 4145 295 4226 15)
324 4141 419 4206 certis
444 4163 486 4208 ex
507 4145 625 4224 causis,
658 4148 804 4227 respectu
831 4143 940 4209 habito
961 4144 1003 4209 ad
1031 4145 1184 4210 sermonis
1204 4162 1280 4210 oon·

149 4249 285 4324 textum,
306 4242 393 4309 nullo
413 4244 508 4310 modo
529 4245 642 4324 aliam,
663 4265 759 4329 quam
780 4266 837 4311 nos
857 4245 1033 4330 particulae
1054 4247 1179 4326 „volut‘f
1200 4268 1280 4331 quo·
