2836 4814
745 293 789 355 50

285 475 497 544 Oollecatione
527 475 689 542 artissime
709 496 822 542 vocum
843 474 972 558 ,3urb'is'“
993 481 1027 542 et
1044 476 1226 562 „peregrini
1246 474 1340 555 otii“,

196 577 276 659 sibi,
294 578 383 664 qnod
399 577 444 644 ad
467 596 592 644 sensnm
610 577 752 662 :perduct
773 595 903 664 prorsus
920 578 1155 664 oppositarum,
1176 576 1338 662 porticula

203 681 357 748 sermonis
379 680 546 747 andaciam
568 680 705 762 leniens,
728 682 755 747 si
777 681 913 760 deesset,
936 701 1011 746 sane
1032 679 1276 745 desideraretur.

286 809 405 878 Amnal.
428 809 496 888 XV,
518 808 632 889 tvm,
652 812 685 874 2.
719 809 823 890 „Quin
854 815 888 875 et
914 808 1043 888 'urbem.,
1072 830 1130 893 per
1153 806 1340 911 manipulos

204 912 366 996 occupatis
388 910 571 992 moenibus,
600 912 725 978 insesso
753 911 850 978 etiam
879 912 959 977 meri
988 917 1022 976 et
1042 928 1149 993 amne,
1181 909 1274 976 volu-t
1297 910 1340 975 iu

103 1040 107 1048 ·
202 1013 378 1081 custodiam
399 1013 516 1080 dedit“.

288 1141 402 1209 anna.
423 1143 492 1223 XV,
513 1142 636 1223 cxlii,
659 1147 689 1207 1.
720 1141 803 1224 „Ubi
834 1142 913 1208 haec
945 1147 1042 1226 atque
1072 1139 1152 1208 talia
1180 1141 1270 1209 uelut
1303 1141 1339 1207 in

202 1265 369 1313 commune
390 1244 553 1324 disseruit,
575 1245 797 1331 complectitur
819 1251 979 1311 uxorem“.

289 1372 402 1438 Annal.
425 1373 493 1453 XV,
515 1372 630 1454 LXIX,
649 1376 681 1439 ll.
707 1373 910 1456 „Occuparet
931 1372 1017 1438 velut
1038 1392 1149 1438 arcem
1169 1373 1252 1454 eius,
1282 1393 1342 1459 op-

197 1476 354 1561 primeret
375 1473 530 1541 delectam
546 1474 764 1556 iuventutem,
779 1476 862 1558 quia
876 1475 1025 1540 Vestinus
1045 1475 1246 1542 imminentes
1268 1475 1342 1542 iero

203 1576 298 1645 aedes
320 1577 496 1661 decoraque
518 1576 647 1642 servitia
669 1583 702 1642 et
723 1576 795 1662 pari
816 1581 921 1642 aetate
939 1566 1110 1644 habebat‘t

287 1679 477 1744 Ennnoiatio
506 1677 694 1745 secundarie
722 1699 743 1744 a
770 1679 887 1762 „quia“
916 1679 1057 1762 pendens
1087 1699 1212 1745 canmm
1235 1679 1341 1763 addit,

203 1800 243 1847 ex
267 1801 331 1864 que
344 1778 427 1846 Nero
447 1771 558 1847 'intere
579 1782 736 1866 potuerit:
760 1801 884 1863 „arcem
907 1780 1119 1865 opprimeret“
1141 1774 1261 1848 scilicet
1284 1783 1344 1849 do-

198 1892 292 1951 'mum
308 1881 382 1948 'foro
402 1882 629 1949 imminentem.
992 1887 995 1891 ’
1280 1882 1283 1887 ’

289 2012 402 2077 Annal.
425 2012 493 2092 XV,
516 2011 629 2090 LXXI,
652 2013 701 2075 23.
736 2009 942 2090 „Cluvidieno
965 2012 1094 2090 Quieto,
1122 2012 1204 2078 Iulio
1226 2002 1343 2099 dgrip-

204 2133 280 2199 pae,
308 2110 406 2180 Blitio
429 2106 590 2193 ¹(latulino,
617 2109 768 2178 Petronio
789 2108 913 2192 Trisco,
943 2113 1024 2178 Iulio
1040 2104 1168 2195 Altino,
1197 2112 1341 2181 velutin

200 2232 320 2302 'agmen
342 2221 375 2282 et
395 2234 580 2296 numerum,
603 2212 719 2300 Aegaei
740 2214 838 2279 maris
859 2210 982 2280 insulae
1003 2212 1258 2300 permittuntur“.

283 2318 370 2384 ‘llum
397 2316 504 2384 'ironia
525 2315 664 2402 quedam
685 2308 806 2383 dictum
834 2321 891 2383 est.
932 2316 1087 2384 'Ordinem
1116 2319 1201 2383 enim
1219 2314 1338 2384 milita·

205 2441 274 2488 rem
301 2419 478 2505 significare
500 2420 637 2486 videtur·
653 2419 705 2502 „in
728 2439 841 2504 agmen
870 2418 903 2485 et
931 2422 1127 2486 numerum“.
1170 2418 1249 2488 Nos:
1282 2420 1339 2503 „in

135 2509 137 2514 ¹
204 2517 284 2588 reih’
306 2521 372 2588 und
393 2520 507 2606 glie'd‘t

293 2646 406 2716 annal.
428 2642 514 2732 XVl,
536 2644 668 2732 XXVll,
693 2650 739 2714 11.
771 2645 882 2732 „Quod
914 2650 1001 2718 velut
1032 2652 1131 2719 telum
1161 2652 1347 2737 corripuere

202 2754 438 2820 ·eocusatores'“.

292 2855 353 2919 Hic
374 2853 423 2919 illi
445 2873 570 2938 quoque
592 2852 729 2919 addendi
758 2858 833 2919 sunt
862 2854 937 2934 loci,
971 2855 1084 2939 quibus
1112 2848 1145 2921 id
1174 2852 1276 2937 quod,
1308 2856 1349 2921 'nt

206 2955 373 3040 scriptorio
387 2956 553 3022 renuntia
574 2955 742 3020 dilucidius
759 2962 933 3042 appareat,
954 2957 988 3022 in
1002 2958 1270 3042 comparationem
1294 2976 1350 3023 vo·

204 3067 316 3139 eatur,
339 3056 503 3123 infinitivo
523 3072 705 3142 capraram
727 3063 785 3123 est.

293 3178 551 3270 lincolinum,
576 3192 625 3254 14.
654 3186 745 3271 „Hoc
773 3193 903 3255 senatus
927 3186 1047 3255 ‘indicio
1068 3187 1153 3254 velut
1181 3188 1352 3256 admoneri

212 3288 403 3379 principem,
424 3307 505 3376 quos
525 3290 653 3375 probet,
675 3308 753 3376 qnos
774 3286 987 3358 reformidet‘t

300 3414 412 3486 Arnai.
433 3412 481 3499 ΙΙ,
505 3419 684 3500 XXXVIII,
709 3423 757 3484 13.
792 3418 884 3499 „Non
906 3420 990 3484 enim
1013 3424 1218 3504 puerescunt
1249 3419 1353 3503 istud,

215 3523 271 3591 sed
291 3516 492 3606 efflagitatio,
521 3522 744 3607 intempestiva
764 3520 892 3605 quidem
914 3528 946 3588 et
966 3523 1153 3608 improvise,
1182 3542 1252 3588 oum
1275 3522 1355 3589 aliis

215 3626 370 3694 derebus
392 3625 595 3690 convenerint
615 3629 743 3709 patres,
765 3644 952 3709 consurgere
974 3633 1006 3691 et
1027 3645 1156 3691 numero
1177 3628 1274 3707 atque
1297 3644 1354 3690 ae·

209 3733 284 3796 tate
301 3727 440 3794 liberum
463 3744 607 3805 suorum,
638 3725 769 3792 eandem
789 3726 853 3791 vim
876 3728 908 3792 in
930 3748 980 3793 me
1001 3728 1215 3794 transmittere
1235 3744 1276 3792 ac
1298 3747 1354 3794 ve·

211 3824 267 3899 lut
282 3829 483 3918 perfringere
502 3828 692 3895 serariani

303 3960 456 4029 Omnibus
476 3959 567 4041 locis,
596 3959 680 4044 quod
703 3952 807 4024 adhuc
829 3958 1081 4025 enumeravimus
1101 3954 1256 4043 particula
1277 3980 1358 4038 „ve-

213 4068 296 4146 leuc,
314 4064 404 4130 nullo
424 4061 665 4146 significationis
676 4060 855 4127 discrimine
866 4060 977 4126 differt
998 4080 1018 4124 a
1038 4060 1196 4144 panucula
1210 4061 1360 4143 „·quasi“,

213 4170 260 4237 ‚de
282 4188 351 4254 'qna
372 4167 481 4251 prima
512 4164 742 4230 dissertationis
771 4168 864 4249 parte
895 4162 1112 4247 quaestionem
1143 4160 1357 4227 insinuimus.

219 4271 364 4357 Suscepit
384 4269 470 4334 enim
491 4266 608 4350 ubique
629 4288 744 4332 munus
769 4266 943 4350 imaginum
964 4264 1014 4330 vel
1035 4264 1184 4329 similium
1203 4263 1360 4329 intrudu-
