2836 4814
726 270 766 337 dd

181 455 335 540 gaudium
354 456 533 536 manderet,
567 457 782 538 exsultabant,
819 450 1023 540 fruebantur,
1060 458 1150 527 nunu
1170 458 1315 543 partium

181 572 271 637 cura,
291 558 384 626 malis
404 558 539 642 publicis
560 560 666 628 laati“r

221 672 224 678 ·
265 661 377 730 Ansal.
400 661 454 739 tv,
477 661 595 742 LXlIl,
615 666 666 730 24.
695 663 824 748 „usqne
846 667 959 747 spreta
975 661 1016 729 ab
1044 661 1121 741 illis,
1150 661 1236 728 velut
1256 682 1316 745 pa»

181 767 309 840 arona,
324 762 580 834 cancianorum.

264 865 342 935 Tam
364 860 460 936 mis‘sr
481 866 680 952 reipublicae
696 873 798 935 status
820 872 905 948 erat,
940 871 977 933 ut
1005 886 1072 932 non⁴
1090 865 1192 932 solum
1213 864 1318 945 mota,

181 967 236 1041 sed
258 967 355 1039 eoam
376 988 432 1049 ea,
451 989 533 1052 quae
554 969 642 1042 facta
661 991 726 1037 non
747 976 852 1048 crant,
874 974 911 1034 nt
931 968 1066 1039 crimina
1086 967 1312 1040 obiicerentur.

265 1069 378 1140 Restat
399 1070 507 1138 utsub
530 1071 625 1143 finem
647 1072 741 1143 huius
756 1071 987 1142 dissertationis
1003 1071 1042 1136 de
1062 1071 1102 1135 iis
1122 1069 1200 1137 locis
1214 1089 1316 1154 quac.-

180 1173 314 1246 stionem
336 1172 554 1253 instituamus,
577 1175 694 1260 quibus.
712 1175 872 1263 particula
884 1176 947 1243 nim
966 1172 1223 1263 comparativam,
1247 1191 1317 1255 qua

180 1274 283 1340 simile
306 1273 464 1357 quoddam
491 1274 726 1358 proferebatur,
762 1299 825 1343 non
855 1296 995 1343 servasse
1022 1277 1151 1366 eiusque
1179 1274 1215 1341 in
1242 1272 1316 1346 laco

181 1377 445 1458 significationem
465 1377 623 1448 causalem
645 1399 814 1464 usurpasse
835 1380 972 1447 uidetur,
1011 1377 1105 1458 Quos
1127 1377 1165 1442 fit
1191 1375 1256 1442 ill-is
1277 1375 1313 1440 in

181 1479 361 1559 sententiis,
397 1477 511 1567 quibus
532 1480 668 1564 scriptor
689 1502 816 1549 cansam
844 1482 986 1574 aliquam
1007 1502 1070 1549 non
1091 1484 1128 1545 ιιι
1149 1499 1254 1559 snam,
1291 1498 1313 1543 a

180 1603 213 1647 se
235 1582 304 1665 ipso
326 1575 549 1666 approbatam,
586 1582 640 1647 sed
662 1589 699 1649 ut
719 1583 939 1652 inhaerentem
959 1582 1074 1650 animis
1095 1601 1219 1660 eorum,
1254 1581 1315 1665 qut

180 1683 356 1751 subiectum
386 1683 619 1753 enunciationis
647 1683 800 1766 formant,
836 1685 1014 1770 significare
1046 1683 1106 1749 sibi
1137 1683 1312 1774 proposuit,

179 1786 226 1877 ita
247 1789 284 1850 ut
306 1784 436 1853 dubium
458 1784 620 1867 redderet,
658 1793 764 1858 utrum
786 1788 853 1872 ipse
875 1808 945 1853 eam
967 1787 1112 1856 idoneam
1134 1785 1183 1850 vel
1204 1804 1312 1850 veram

179 1887 314 1954 iudicari
335 1887 430 1952 vellet
451 1908 558 1959 necne.
602 1891 673 1968 Qus
695 1888 734 1954 de
755 1910 789 1955 re
812 1889 861 1956 bis
887 1890 965 1956 locis
986 1888 1090 1955 coacti
1109 1907 1216 1953 sumus
1237 1907 1313 1952 con-

179 1989 267 2058 fiteri
285 2010 344 2054 nos
364 1988 502 2074 legentes
517 2012 642 2075 quoque
656 2013 714 2076 pro
729 1996 815 2057 certo
838 1995 979 2057 statuere
1000 2011 1064 2055 non
1079 2010 1180 2076 posse,
1202 1996 1316 2055 utrum

179 2091 298 2183 species
326 2090 407 2161 falsa
436 2112 478 2157 an
506 2113 602 2162 causa
632 2114 703 2161 cum
725 2093 858 2162 veritate
888 2105 1063 2179 congruens
1085 2092 1188 2158 verbis
1208 2090 1313 2158 Taciti

178 2191 264 2287 insit.
308 2193 462 2285 Exempla
483 2195 565 2263 hanc
587 2196 777 2261 sententiam
799 2194 1030 2262 confirmabunt
1039 2215 1052 2260 ι·

264 2295 368 2362 Germ.
391 2297 462 2377 Vll,
485 2303 513 2362 ι’.
546 2298 613 2379 „Ne
647 2297 812 2363 verberare
845 2297 971 2386 quidem
1003 2298 1065 2363 nisi
1096 2295 1313 2362 sacerdoribus

160 2398 379 2484 permissum,
408 2422 472 2465 non
495 2401 586 2486 quasi
607 2400 639 2465 in
662 2421 797 2484 poenam
821 2420 878 2465 nec
900 2399 988 2464 ducis
1009 2400 1113 2477 iussu,
1147 2398 1205 2463 sed
1223 2397 1313 2463 velut

179 2501 238 2571 deo
259 2502 453 2588 imperante,
474 2523 568 2586 quem
590 2503 701 2568 adesse
723 2502 913 2568 bellantibus
934 2500 1097 2567 credente.

263 2605 389 2689 Duplici
410 2605 502 2671 modo
524 2605 603 2670 haec
625 2606 787 2670 sententia
806 2603 943 2686 intelligi
963 2607 1175 2684 nostrumque
1190 2601 1224 2665 in
1245 2621 1313 2665 ser-

178 2731 302 2778 monem
332 2706 498 2775 transferri
526 2712 641 2792 potest.
684 2708 717 2774 si
745 2712 896 2793 putemus
914 2705 1062 2771 Tacitum>
1080 2702 1184 2768 verbis
1202 2702 1313 2782 „velut

177 2813 245 2880 dec
258 2813 455 2897 impera-nte“
476 2811 635 2895 explicare
656 2809 806 2886 voluisse,
834 2829 872 2873 ea
893 2828 974 2890 quae
996 2804 1204 2884 antecedunt,
1232 2826 1337 2881 sanel·

176 2917 249 2987 inre
268 2915 453 2987 reddamus:
490 2913 558 2993 „als
579 2912 619 2985 oh
642 2911 700 2977 der
720 2910 893 2993 kriegsgott
915 2930 948 2975 es
978 2907 1135 2988 celestem
1172 2908 1311 2978 sincra-

177 3021 290 3088 damus
311 3037 384 3107 eum
404 3017 543 3102 ipsorum
556 3016 785 3086 Germanorum
799 3011 994 3081 sententiam
1006 3011 1184 3095 protulisse,
1204 3019 1312 3085 nans

177 3120 345 3191 ferendum
365 3125 429 3187 est:
465 3117 555 3198 „weil
578 3117 634 3186 der
662 3116 835 3199 kriegsgott
856 3135 889 3185 es
910 3112 1069 3183 befeble“..
1105 3114 1193 3185 Haec
1214 3116 1313 3191 rerba

177 3228 264 3294 edita
285 3224 387 3291 Taciti
410 3242 449 3286 ex
470 3221 591 3298 animo,
621 3240 693 3284 oum
721 3216 788 3301 ipse
809 3216 960 3299 religione
981 3215 1112 3284 deornm
1137 3216 1310 3290 Germano-

176 3352 247 3397 rum
270 3348 334 3399 non
355 3324 556 3409 impleretur,
578 3321 690 3392 falsam
712 3341 768 3406 per
788 3318 978 3404 particulam
999 3317 1218 3402 adipiscuntur
1239 3339 1312 3406 spe-

177 3433 273 3508 ciem}
294 3451 333 3498 ex
355 3410 583 3494 Germanorum
606 3424 778 3499 sententia,
802 3422 855 3505 qui
871 3420 1073 3489 crediderunt
1089 3419 1181 3484 deum
1203 3419 1309 3507 ipsum

176 3532 365 3606 bellantibus
388 3528 517 3605 adesse,
538 3546 634 3597 causa
656 3545 730 3589 vera
751 3529 786 3589 et.
806 3529 906 3600 recta,
935 3543 992 3587 cnr
1014 3521 1115 3586 solnm
1137 3522 1310 3593 sacerdoti.-
1332 3522 1341 3581 ‘-

176 3637 236 3704 bus
257 3635 425 3699 verberare
445 3628 635 3713 permissum
656 3628 713 3706 sit,
736 3647 793 3711 per
814 3624 1004 3710 particulam
1025 3623 1162 3703 additur.

261 3738 364 3821 Agric.
381 3732 504 3809 XVIII„
521 3734 549 3794 2.
571 3729 684 3807 „Hunc
706 3727 891 3792 Britanniae
913 3731 1049 3805 statum,
1073 3726 1130 3789 has
1152 3725 1309 3794 bellorum

177 3841 260 3906 vices
281 3835 387 3902 media
416 3834 480 3898 iam
510 3836 631 3898 aestate
661 3836 874 3912 transgressus
896 3827 1042 3910 Agricola
1063 3827 1197 3908 invenit,
1234 3849 1307 3895 cum

178 3949 211 4010 et
231 3941 347 4007 milites
370 3936 453 4001 velut
475 3934 590 4000 omissa
618 3931 817 4017 expeditione
845 3929 887 3995 ad
916 3931 1117 3995 securitatem
1139 3938 1172 3996 et
1199 3929 1309 3999 hostes

178 4045 219 4112 ad
242 4041 435 4110 occasionem
456 4040 684 4101 verterentur“.

263 4144 341 4226 „Die
363 4141 506 4207 soldaten
529 4137 632 4221 gabon
661 4137 727 4202 sich
749 4136 809 4202 der·
826 4133 1044 4220 sorglosigkeit
1064 4133 1134 4214 bin,
1164 4134 1236 4198 weil·
1254 4134 1309 4205 die

177 4243 538 4343 krisgsnnternchmung
558 4240 727 4326 anigebdrt
746 4239 842 4318 habe,
871 4237 922 4311 dio
944 4235 1049 4309 saiada
1069 4236 1200 4304 suchten
1223 4237 1308 4322 gele·
