2836 4814
689 293 729 359 25

141 481 363 567 precabatur“.
423 479 512 544 Conf.
547 478 658 543 AnnaI.
682 477 748 555 III,
778 476 900 554 XXXI,
937 479 970 539 et
1001 471 1147 550 Sallust,
1184 468 1278 535 Catil.

141 584 308 651 XXXXII.

228 684 341 750 Annei.
366 684 419 762 VI,
440 683 600 763 XXXXV,
623 687 652 748 6.
683 680 822 760 „Eodem
852 686 888 744 ut
915 678 967 744 die
988 677 1037 746 sel
1059 675 1159 740 noetis
1180 674 1279 738 inter·

142 790 225 859 iectu
248 787 362 853 litteris
384 785 549 851 consulum
572 784 776 862 rescriberet,
814 781 905 866 quasi
926 779 1082 865 aspiciens
1104 778 1278 850 undantem

142 913 199 976 per
220 890 336 955 domos*
350 888 536 972 sanguinem
559 892 615 952 aut
637 907 750 951 manus
772 886 986 950 carnificum‘.

225 993 300 1059 Sola
323 991 515 1080 cogitatione
530 989 656 1073 depicta
678 995 753 1053 sunt
773 1008 825 1068 ea,
848 1007 931 1071 quae
951 1006 985 1051 se
1002 982 1107 1052 'videre
1128 982 1278 1066 fingebat.

142 1185 144 1189 .
226 1122 340 1191 AnnaI.
363 1121 436 1200 XII,
458 1117 605 1195 XXXXI,
629 1121 679 1181 20.
715 1116 920 1195 „Commotus
949 1118 1000 1187 his
1028 1120 1119 1199 quasi
1140 1117 1279 1185 crimini·

140 1228 199 1293 bus
221 1227 376 1310 optimum
399 1240 555 1306 quemque
583 1218 787 1284 educatorem
818 1217 876 1284 filii
898 1221 994 1287 exilio
1021 1229 1079 1289 eut
1101 1231 1202 1288 morte
1223 1217 1279 1284 ad-

183 1329 241 1394 ic‘.

140 1331 182 1396 fic
226 1428 319 1514 Apud
339 1427 531 1512 prinoipem,
555 1423 606 1492 cui
629 1422 832 1488 Britannicus
853 1427 919 1488 tam
943 1424 1071 1490 odiosus
1093 1427 1169 1505 fuit,
1202 1447 1279 1495 sane

140 1532 324 1601 criminibus
347 1529 482 1613 (scilieet
503 1527 605 1612 falsis)
628 1546 707 1609 opus
730 1545 791 1589 non
815 1532 899 1606 erat,
933 1527 1047 1611 quibus
1068 1551 1278 1596 commovere-

141 1642 195 1701 tur
217 1642 251 1700 ut
272 1633 412 1698 invidiae
434 1651 510 1695 suae
532 1629 739 1693 satisfaceret.

225 1762 340 1827 AnnaI.
362 1760 452 1836 XIII,
468 1758 601 1836 XXVII,
620 1763 667 1821 16.
692 1757 777 1834 „Nee
800 1757 900 1823 multo
915 1765 989 1842 post
1011 1765 1138 1844 ereptus
1160 1764 1279 1826 amitae

142 1866 273 1932 libertus
296 1863 387 1928 Paris
408 1862 500 1945 quasi
527 1862 597 1925 iure
627 1860 728 1939 civili,
765 1882 830 1927 non
860 1861 928 1928 sine
956 1861 1089 1927 infamia
1116 1863 1279 1947 principis,

140 1969 229 2034 cuius
249 1969 338 2036 iussu
362 1969 581 2049 perpetratum
604 1964 811 2046 ingenuitatis
832 1963 984 2028 iudicium
1008 1970 1110 2032 erat“.

223 2069 329 2137 Verba
351 2074 509 2132 exstrema
532 2066 766 2144 demonstrant,
802 2087 925 2139 summa
948 2088 1020 2131 cum
1048 2068 1166 2135 iniuria
1192 2066 1277 2153 prin·

139 2173 219 2257 cipis
240 2171 364 2242 facinus
384 2171 453 2241 iure
475 2168 560 2237 civili
582 2169 745 2235 defensum
769 2190 845 2234 esse.

224 2273 339 2338 Annal.
363 2273 447 2351 XIV,
471 2271 541 2350 VII,
565 2275 615 2335 21.
647 2271 879 2374 „Ipseoaudito
902 2274 1023 2338 venisse
1046 2273 1144 2338 missu
1168 2272 1278 2356 Agrip·

137 2379 235 2463 pinae
256 2376 405 2441 nuntium
427 2375 612 2457 Agerinum,
637 2395 785 2440 scaenam
808 2374 892 2440 ultro
915 2376 1057 2440 oriminis
1078 2380 1187 2459 parat,
1210 2374 1278 2459 gla-

140 2479 305 2561 diumque,
328 2479 402 2541 dum
425 2477 579 2542 mandata
601 2478 737 2561 perfert,
760 2478 878 2554 abiicit,
900 2477 984 2542 iuter
998 2477 1095 2561 pedes
1110 2480 1185 2558 eins,
1209 2483 1279 2542 tum

141 2580 234 2663 quasi
255 2579 449 2673 deprehenso
465 2580 568 2645 vincla
590 2579 676 2644 iniiei
698 2580 800 2659 iubet,
824 2585 861 2644 ut
882 2579 1013 2645 exitium
1036 2581 1190 2664 principis
1212 2601 1278 2646 mo·

139 2682 231 2747 litam
260 2686 395 2746 matrem
424 2689 456 2749 et
485 2685 605 2769 pudore
634 2683 822 2767 deprehensi
852 2683 979 2749 sceleris
1009 2688 1122 2767 sponte
1144 2690 1277 2758 mortem

139 2785 311 2869 sumpsisse
332 2785 556 2870 confingeret‘.

222 2888 323 2952 Nemo
346 2887 520 2967 dubitabit,
558 2891 634 2973 quin
657 2889 716 2954 hoo
746 2888 815 2954 loco
837 2887 932 2967 nihil,
970 2887 1031 2951 nisi
1055 2886 1137 2952 falsa
1159 2888 1280 2972 speeies

141 3011 198 3074 per
219 2990 410 3074 perticulam
432 2992 600 3056 indicetur.

228 3119 341 3191 Annal.
364 3120 450 3198 XIV,
473 3121 511 3199 X,
529 3125 576 3184 10.
602 3121 694 3203 „Ipse
716 3118 840 3191 diversa
861 3116 1064 3183 simulatione
1086 3122 1226 3189 maestus
1248 3123 1281 3184 et

140 3222 232 3305 quasi
260 3222 473 3288 incolumitati
503 3243 579 3287 suae
608 3223 751 3287 infensus
782 3241 819 3286 ac
841 3219 953 3285 mortis
985 3220 1131 3302 parentis
1152 3219 1281 3291 interris

140 3331 260 3401 mans“.

227 3426 468 3500 Simulationem
489 3428 586 3494 fuisse
609 3428 676 3512 ipse
698 3428 827 3494 Tacitus
849 3425 1023 3492 adnotavit.

228 3559 341 3624 Annal.
365 3559 456 3637 XIV,
479 3558 604 3637 XVIII,
628 3563 656 3622 8.
696 3559 801 3636 „Quos
834 3561 917 3642 regis
953 3560 1085 3642 Apionis
1120 3559 1280 3646 quondam

141 3663 242 3727 avitos
265 3664 387 3745 (egros)
415 3668 448 3724 et
477 3661 594 3744 populo
624 3660 767 3728 Romano
796 3683 866 3727 oum
897 3685 994 3747 regno
1016 3668 1151 3752 {relictos
1173 3661 1279 3747 proxi·

143 3786 212 3837 mus
233 3767 365 3849 quisque
386 3783 547 3847 possessor
574 3763 773 3842 invaserant,
810 3765 996 3850 diutinaque
1027 3769 1157 3839 licentia
1178 3773 1211 3831 et
1232 3764 1279 3833 in·

141 3868 224 3935 iuria
245 3867 336 3952 quasi
359 3866 427 3931 iure
449 3871 482 3929 et
503 3885 604 3947 aequo
627 3865 842 3934 nitebantur“.

227 3971 303 4049 „AIs
326 3968 365 4033 ob
388 3987 420 4031 es
444 3987 478 4030 so
501 3965 591 4030 recht
613 3968 677 4032 und
699 3968 790 4052 billig
811 3974 924 4037 wirot

228 4073 309 4138 Nam
338 4093 373 4135 ro
394 4089 470 4134 vera
500 4090 691 4151 numquam,
728 4072 784 4153 qui
812 4094 869 4157 per
899 4075 1017 4144 mul-tos
1045 4097 1148 4142 annos
1167 4080 1279 4141 contre

139 4177 191 4240 ius
213 4175 412 4260 possiderent
437 4173 566 4257 Apionis
596 4193 689 4255 agros
722 4173 783 4238 hac
815 4197 854 4240 ex
888 4176 1057 4260 iIIegitima
1083 4179 1278 4262 possessione

141 4280 315 4364 quidquem
340 4277 419 4351 iuris
440 4276 595 4341 deducere
616 4282 772 4361 poterant
