2836 4814
686 323 726 383 38

137 529 248 587 aurea,
280 529 361 591 quae
383 512 528 585 vocatur,
561 506 721 569 latinitate
743 505 772 568 ei
794 504 951 581 inhaeret,
985 503 1105 567 frustra
1126 523 1276 584 quaeres.

138 611 247 674 Oieero
279 611 362 674 enim
397 608 527 691 eiusque
559 608 674 671 aetatis
689 607 722 690 ⁹⁵)
757 607 925 688 scriptores
957 604 1116 688 particula
1143 604 1276 683 „velut“

136 719 203 778 tum
226 712 274 775 usi
296 717 385 788 sunt,
409 710 435 773 si
459 710 673 793 compluribus
695 732 734 774 ex
756 707 908 792 exemplis
930 708 980 771 vel
1001 706 1165 787 similibus,
1190 728 1277 790 quae

136 815 338 897 inpromptu
367 814 498 889 habent,
531 834 644 892 unum,
678 812 762 896 quod
784 814 829 877 eis
856 810 960 895 placet
983 811 1058 893 (vel)
1081 816 1177 893 atque
1202 831 1277 894 pro·

136 917 255 980 ximum
278 920 391 998 (graec.
414 907 542 987 αὐτίκα)
571 937 638 979 esse
661 915 786 979 videtur
814 913 991 995 elegerunt,
1028 912 1137 977 eodem
1165 931 1276 990 sensu,

137 1040 199 1101 quo
221 1038 277 1082 nos
299 1017 454 1082 dicemus:
493 1037 566 1095 „um
595 1039 644 1093 zu,
663 1017 734 1081 dem
756 1016 1032 1098 nschsuiegenden
1061 1013 1213 1098 beispiele
1235 1036 1277 1079 zu

137 1119 288 1203 greifen“.
332 1118 379 1184 Of.
403 1118 467 1183 Cic.
490 1119 563 1183 Nat.
590 1119 681 1183 Deor.
706 1120 752 1196 Il,
775 1124 816 1183 48
838 1124 870 1182 et
893 1122 946 1196 73,
984 1118 1107 1182 Tuscul.
1131 1118 1168 1193 V,
1192 1117 1210 1199 ἓ
1234 1121 1278 1182 34

138 1221 193 1302 (ad
223 1241 315 1304 quem
348 1222 404 1287 loc.
435 1221 473 1285 cf.
497 1221 653 1306 Tischer),
689 1221 780 1286 Tusc.
805 1221 841 1299 V,
862 1222 879 1304 ξ
904 1225 951 1286 13.
1004 1221 1096 1304 Apud
1124 1218 1278 1284 Tacitum

137 1344 210 1390 vero
241 1325 322 1389 hanc
350 1324 579 1409 proprietatem
608 1324 766 1406 particula
794 1323 888 1406 plane
916 1323 1036 1402 amisit,
1073 1324 1178 1387 itaut
1201 1343 1279 1389 cum

137 1426 225 1491 nulla
246 1448 356 1492 sensus
378 1427 592 1509 discrepantia
613 1425 667 1489 sed
690 1426 865 1508 promiscue
881 1445 951 1488 cum
967 1424 1126 1507 particula
1140 1424 1280 1506 „quasi“

137 1529 349 1593 adhiberetur.
408 1527 497 1593 (lonf.
520 1527 620 1592 Tacit.
645 1527 726 1591 Hist.
749 1527 803 1605 IV,
827 1532 864 1590 71
898 1532 930 1591 et
961 1527 1074 1591 Annal.
1098 1527 1184 1605 XIV,
1216 1531 1277 1608 32;

138 1630 220 1696 Hist.
243 1631 297 1710 IV,
320 1635 358 1695 35
388 1636 420 1694 et
452 1629 564 1694 Annal.
587 1630 673 1709 XIV,
696 1633 754 1708 32;
792 1630 921 1694 Sallust.
946 1628 1040 1694 Catil.
1063 1628 1232 1710 XXXXII,
1256 1634 1278 1695 4

18 1826 20 1830 y
137 1739 169 1798 et
190 1733 263 1797 Tac.
287 1734 367 1797 Anu.
393 1732 445 1810 VI,
469 1737 518 1796 24.

223 1837 368 1918 Apparet
383 1834 469 1918 apud
491 1835 636 1900 Tacitum
658 1834 783 1913 „velut“
813 1833 960 1915 praedita
982 1833 1092 1898 eadem
1114 1833 1280 1916 significa·

137 1939 237 2016 tione,
277 1957 341 2020 qua
361 1938 492 2021 „quasr‘
514 1937 623 2001 multis
644 1935 737 2017 locis,
775 1937 889 2018 quibus
910 1936 1044 2020 scriptor
1065 1941 1176 2001 utatur
1198 1957 1280 2002 voce

138 2039 275 2122 quadam
297 2040 433 2118 rariore,
457 2060 521 2123 qua
542 2037 644 2104 simile
668 2037 717 2103 vel
739 2039 843 2120 imago
866 2038 1058 2117 continetur,
1088 2032 1201 2122 quam,
1223 2061 1279 2104 ac-

137 2141 336 2206 curatissimo
364 2141 403 2206 do
433 2141 500 2205 cius
521 2142 550 2204 vi
573 2139 715 2204 adhibito
744 2140 861 2205 iudicio
890 2141 1036 2206 omnibns
1065 2139 1105 2204 ab
1126 2140 1278 2224 partibus

136 2250 244 2327 aptam
268 2262 336 2308 esse
357 2243 424 2326 ipse
447 2241 637 2307 contendere
660 2242 783 2325 nequit,
805 2264 901 2326 quam
923 2264 997 2308 vero
1019 2243 1179 2319 adhibuit,
1214 2248 1276 2307 aut

136 2347 211 2430 quia
233 2346 387 2429 aptiorem
417 2345 451 2409 iu
480 2353 629 2428 promptu
650 2365 713 2410 non
744 2345 857 2410 habuit
878 2352 935 2412 aut
964 2352 1001 2410 ut
1021 2345 1186 2411 audaciore
1208 2343 1272 2408 hac

137 2469 211 2514 voce
240 2448 344 2511 maius
372 2446 496 2529 pondus
525 2447 557 2511 in
581 2467 651 2512 eam
681 2448 834 2513 sermonis
849 2454 986 2532 partem
1021 2450 1189 2529 conterret,
1227 2446 1272 2512 ad

136 2571 232 2632 quam
253 2548 476 2613 illustrandam
499 2555 531 2614 et
551 2550 692 2632 apertius
715 2550 909 2615 efficiendam
925 2551 1081 2617 collocata
1103 2556 1161 2616 est.
1200 2551 1274 2629 Qua

138 2653 176 2717 de
197 2672 232 2716 re
253 2672 316 2717 non
338 2651 440 2715 solum
462 2651 679 2716 similitudinis
701 2653 965 2732 introducendae,
987 2655 1041 2719 sed
1064 2654 1176 2733 etiam,
1199 2674 1275 2719 oum

138 2776 177 2819 ex
199 2755 268 2837 ipsa
291 2752 453 2836 scriptoris
481 2754 641 2818 sententia
668 2754 843 2820 adhibitum
868 2777 937 2821 cnm
970 2758 1108 2839 quadam
1138 2757 1278 2822 audacia

139 2857 198 2922 hoc
220 2854 322 2920 simile
351 2855 397 2921 rei
426 2857 657 2938 comparandae
687 2858 868 2940 saepissime
901 2880 962 2923 non
993 2881 1122 2944 prorsus
1143 2880 1278 2943 respon-

139 2959 227 3037 deat,
251 2955 451 3023 excusandae
474 2978 589 3022 munus
611 2958 752 3041 suscipit.
795 2958 863 3024 Hoc
885 2962 977 3026 modo
999 2962 1174 3046 comparati
1197 2967 1279 3028 sunt

138 3058 211 3136 loci,
247 3080 325 3143 quos
353 3079 437 3123 nunc
466 3059 735 3139 enumerabimus,
772 3063 885 3145 quibus
914 3063 1014 3129 simile
1046 3064 1206 3130 invenitur
1237 3085 1279 3130 ex

140 3162 264 3227 nomine
286 3160 336 3225 vel
357 3160 529 3241 adiectivo,
552 3161 601 3226 vel
624 3183 662 3226 ex
685 3165 811 3230 nomine
835 3166 886 3231 oni
908 3167 1098 3233 adiectivum
1121 3173 1178 3232 aut
1199 3189 1280 3252 par-

140 3263 284 3347 ticipium
307 3261 452 3329 additum
473 3269 534 3341 est,
557 3266 740 3331 consistens.

224 3365 346 3448 Dialog.
369 3365 406 3443 V,
429 3369 469 3430 24
502 3367 593 3449 „Ipse
622 3369 793 3452 (oratorem
824 3371 988 3453 praedicat
1016 3373 1115 3454 Aper)
1144 3366 1281 3438 'securus

140 3473 173 3539 et
192 3468 331 3552 quadam
354 3467 440 3533 velut
461 3475 615 3553 perpetua
636 3472 839 3553 potentinae
860 3477 1017 3555 potestate
1039 3475 1211 3539 munitur.

224 3572 292 3650 Quo
321 3570 390 3635 loco
417 3570 483 3653 ipse
508 3574 592 3654 Aper
619 3574 716 3637 sentit
737 3594 844 3639 vocem
875 3584 1048 3658 „perpetua
1070 3576 1216 3661 potentia
1240 3599 1281 3644 ac

140 3677 317 3757 potestate“
346 3673 558 3738 excusationis
587 3674 750 3738 cuiusdam
779 3696 885 3758 egere,
924 3699 1005 3761 quae
1034 3698 1105 3742 eum
1132 3679 1196 3744 iam
1221 3681 1281 3746 ad-

140 3774 261 3841 ditione
277 3776 474 3858 pronominis
495 3775 653 3841 indefiniti
675 3776 760 3842 facta
782 3784 831 3843 est
851 3780 1008 3864 particula
1030 3780 1155 3862 „velut“
1178 3782 1280 3848 etiam

140 3875 354 3945 confirmatur.

226 3977 308 4043 Dial.
330 3978 386 4059 IX,
410 3984 444 4044 21
477 3979 616 4058 „Omnis
635 3981 691 4046 illa
719 3982 788 4047 laus
818 3985 905 4048 intra
933 4007 1031 4050 unum
1061 3992 1118 4051 aut
1138 3985 1281 4054 alterum

194 4221 220 4289 *)
238 4219 279 4274 Of.
296 4221 407 4288 Zumpt,
426 4221 473 4273 lat.
493 4221 539 4277 Gr.
557 4220 621 4290 Gap.
639 4224 685 4288 63,
705 4222 721 4292 ξ
740 4223 799 4276 282.
841 4224 1007 4293 Ramshorn,
1026 4226 1074 4280 lat.
1092 4227 1137 4281 Gr.
1156 4226 1208 4294 Ill,
1230 4227 1283 4282 IXv

144 4310 203 4365 196.
237 4309 347 4379 Berger,
365 4308 413 4362 lat.
432 4308 478 4362 Gr.
497 4309 513 4378 ξ
532 4311 591 4377 335,
611 4311 690 4363 Anm.
708 4311 734 4363 5.
