2836 4814
701 290 720 350 9
741 260 743 275 ,

66 547 67 552 ἵ
98 496 103 503 ’
148 473 202 537 dia
222 467 398 550 faciebant,
430 471 634 538 crediderunt
661 473 781 538 bellum
803 473 845 538 ad
867 473 962 538 finem
985 472 1172 558 perductum
1196 492 1281 552 eese3

68 567 79 575 ”
148 595 230 659 quae
262 573 345 638 falsa
377 574 484 658 opinIo
516 576 663 656 gravibus
694 568 835 655 damnis,
875 580 911 639 ut
932 596 971 640 ex
993 596 1061 660 cap.
1086 575 1226 642 XXVIII
1249 579 1282 640 et

148 678 292 762 proximo
315 677 478 756 discimus,
501 698 557 742 eas
577 677 699 742 afflixit.

234 778 346 844 Annal.
368 778 457 858 XIII,
480 779 565 857 XXI,
589 784 638 844 26.
672 778 894 862 „colloquium
916 779 975 843 filii
995 779 1137 864 exposcit
1158 779 1281 864 (Agrip-

149 882 253 965 pina),
285 882 339 947 ubi
361 880 442 946 nihil
462 902 521 966 pro
540 882 736 961 innocentia,
770 881 861 966 quasi
883 879 1054 960 diffideret,
1086 903 1145 946 nec
1166 880 1282 946 benail·

150 984 219 1061 ciis,
249 984 341 1069 quasi
363 983 586 1069 exprobraret,
620 984 784 1064 disseruit,
816 983 871 1048 sed
894 983 1047 1049 ultionem
1070 985 1101 1049 in
1125 984 1283 1049 delatores

149 1092 182 1151 et
202 1087 346 1170 praemia
361 1087 470 1151 amicis
486 1087 653 1152 obtinuit“.
696 1087 774 1166 „Ais
795 1087 834 1152 ob
857 1087 902 1150 sie
924 1102 960 1150 nu
984 1086 1070 1150 ihrer
1093 1087 1187 1151 sache
1209 1085 1282 1154 lreiu

149 1195 317 1254 vertrauen
345 1189 466 1267 ⁴habe¹‘;
503 1189 571 1268 „als
594 1189 633 1255 ob
663 1191 708 1254 sie
730 1190 796 1254 sich
819 1189 877 1254 aui
896 1190 947 1254 die
969 1211 1030 1253 von
1052 1188 1104 1253 ihr
1125 1189 1283 1278 erzeigten

148 1291 299 1355 woltaten
329 1291 458 1356 beroien
483 1290 599 1355 wolle“.
646 1293 757 1358 Verbis
788 1299 918 1376 totoque
951 1292 1062 1356 habitu
1085 1290 1207 1355 nullum
1231 1290 1283 1356 da

149 1393 197 1458 dit
218 1395 359 1476 signum,
393 1414 455 1476 quo
477 1399 652 1459 commotus
674 1395 758 1460 Nero
780 1396 1009 1480 suspicaretur,
1047 1413 1119 1458 eam
1142 1393 1283 1459 diffidere

149 1495 200 1560 vel
221 1495 414 1580 exprobrare
435 1493 523 1560 veile.

236 1597 348 1662 Annal.
361 1597 452 1675 XIII,
468 1598 646 1677 XXXVIII,
663 1604 711 1664 19.
736 1598 862 1678 „Medio
885 1606 1007 1663 sextam
1030 1598 1186 1681 legionem
1208 1618 1283 1662 oon-

150 1700 270 1778 stituit,
306 1700 357 1764 cui
379 1699 482 1763 accita
510 1709 712 1783 pernoctem
734 1701 806 1765 aliis
827 1722 865 1765 ex
888 1702 1002 1765 castris
1023 1702 1087 1766 tria
1109 1701 1199 1766 milia
1221 1708 1284 1766 ter·

66 1821 71 1827 ’
150 1803 309 1866 tianorum
329 1803 574 1885 permiscuerat,
610 1826 674 1868 una
696 1825 767 1868 oum
791 1803 913 1887 aquila,
950 1803 1041 1886 quasi
1062 1804 1174 1870 eadem
1201 1804 1284 1887 legin

149 1909 376 1989 spectaretur“.

222 2008 285 2086 „Es
307 2007 365 2072 sah
387 2029 421 2073 so
437 2029 504 2085 aus,
527 2009 574 2074 als
597 2009 636 2074 ob
659 2029 767 2073 esnur
783 2009 851 2072 eine
874 2008 977 2092 legion
994 2013 1106 2073 wdre‘t
1144 2009 1283 2075 Consilio

151 2109 288 2175 Corbulo
320 2111 455 2194 speciem
477 2113 645 2190 excitarit,
682 2129 746 2195 qua
775 2111 881 2176 hostes
908 2112 1081 2176 crederent
1095 2133 1193 2176 unam
1215 2132 1284 2177 esse

149 2212 314 2296 legionem,
337 2233 419 2295 quae
441 2234 565 2279 revera
586 2215 688 2279 tribus
710 2213 837 2278 milibus
859 2215 1067 2279 tertianorum
1088 2220 1184 2279 aucta
1204 2220 1283 2279 erat.

234 2314 348 2380 Arnai.
370 2315 455 2395 XIV,
479 2316 531 2395 IV,
559 2322 606 2381 17.
639 2316 731 2394 „Jam
766 2315 909 2400 pluribus
939 2316 1152 2392 sermonibus,
1189 2316 1284 2382 modo

113 2421 114 2424 ’
149 2415 367 2482 familiaritate
389 2419 519 2483 iuvenili
535 2419 618 2484 Nero
634 2426 667 2481 et
689 2438 799 2482 rursus
822 2418 978 2483 adductus
993 2421 1084 2500 quasi
1105 2421 1188 2485 scria
1210 2441 1284 2485 con-

150 2521 299 2598 sociaret,
320 2526 423 2585 tracto
446 2522 479 2585 in
501 2521 629 2603 longum
653 2520 814 2598 convictu,
836 2521 1038 2603 prosequitur
1062 2522 1261 2587 abeuntem“.

236 2621 334 2686 Nemo
356 2630 441 2687 certe
463 2624 638 2703 dubitabit,
675 2623 753 2707 quin
782 2612 996 2687 foedissimam
1025 2623 1056 2687 in
1086 2633 1222 2690 matrem
1244 2625 1284 2690 si·

69 2744 73 2749 ·
150 2724 356 2789 mulationem
379 2726 480 2804 Nero,
501 2726 572 2805 illo,
595 2748 657 2810 quo
680 2727 830 2808 sogessit
854 2725 963 2804 modo,
985 2729 1186 2792 commiserit.

236 2827 350 2891 Annal.
376 2827 461 2908 XIV,
483 2827 570 2908 VIII,
596 2835 623 2894 1.
653 2828 805 2908 „IntorIm
829 2827 957 2912 uulgato
982 2830 1177 2915 Agrippinae
1204 2831 1286 2915 peri·

151 2929 237 3007 culo,
270 2930 361 3014 quasi
382 2951 458 2995 casu
481 2932 650 3011 evenisset,
684 2930 875 3014 utquisque
898 2941 1080 3016 acceperat,
1110 2933 1285 2998 ‘decurrere

151 3032 192 3098 ad
214 3033 321 3097 litura

237 3137 284 3200 Ex
314 3133 418 3219 capite
446 3138 543 3201 tertio
572 3137 602 3202 h.
625 3136 695 3201 libr.
719 3137 937 3218 cognovimus
973 3136 1078 3220 qualis
1108 3135 1206 3201 fuerit
1233 3135 1286 3201 ille

151 3260 252 3315 curuo,
276 3258 339 3321 quo
362 3238 563 3322 naufragium
588 3239 793 3322 Agrippinam
815 3258 943 3322 passam
965 3259 1047 3316 esse,
1076 3239 1186 3322 volgus
1208 3238 1287 3304 stul·

151 3350 218 3408 tum
243 3342 469 3407 arbitrabatur.

237 3445 355 3508 Annal.
378 3443 462 3524 XIV,
485 3445 537 3524 LI,
560 3449 589 3508 5.
622 3441 752 3520 „Plures
773 3442 861 3506 iussu
885 3432 1034 3521 Neronia,
1072 3445 1164 3527 quasi
1186 3462 1285 3509 reme·
1329 3489 1330 3492 κ

152 3548 238 3613 dium
262 3545 482 3627 adhiberetur,
518 3546 644 3611 inlitum
684 3543 828 3627 palatum
859 3543 927 3608 eius
955 3545 1049 3609 noxio
1078 3546 1287 3612 medicamine

90 3655 93 3661 '
118 3679 135 3688 „
150 3650 413 3717 adseverabanr‘.

237 3751 314 3832 „Ais
335 3750 374 3815 ob
396 3750 448 3814 ein
469 3748 639 3814 heilmittel
661 3747 851 3832 angewandt
873 3748 998 3817 werden
1021 3750 1143 3813 solitar.

238 3852 417 3919 Secundum
440 3852 620 3935 opInionem
644 3873 770 3930 eorum,
793 3851 847 3933 qui
871 3852 1125 3933 suspicarentur,
1149 3852 1286 3916 Burrum

84 3964 89 3971 '
126 3984 128 3988 ·
152 3977 270 4022 veneno
293 3953 493 4020 interiectum
516 3975 598 4032 esse,
620 3954 700 4019 illud
718 3953 1000 4030 medicamentum,
1023 3974 1086 4036 quo
1108 3954 1216 4020 lauces
1238 3961 1286 4020 tu·

152 4064 327 4124 mesoerent
349 4069 536 4140 meatusque
557 4057 687 4141 spiritus
707 4057 928 4140 impediretur,
965 4057 1134 4120 remedium
1157 4057 1286 4123 minime

79 4195 82 4198 ⁴
153 4162 280 4246 quidem
303 4162 408 4226 vocari
430 4165 556 4244 poterat
578 4179 680 4242 neque
702 4163 782 4223 erat.

239 4265 351 4330 dunat.
369 4263 453 4344 XlV,
475 4261 556 4343 LVI,
580 4267 627 4326 14.
650 4260 823 4342 „Prohibet
843 4260 992 4343 (Seneca)
1014 4266 1123 4326 coetus
1144 4261 1286 4327 salutan-
