2836 4814
783 276 823 342 24

236 461 446 538 miscuerant,
483 465 519 530 ut
541 458 700 541 quaedam
721 457 919 527 munimenta
941 456 1077 527 Romani
1098 455 1191 539 quasi
1218 457 1374 537 perrupta

237 561 431 639 omiserint“.

321 662 415 740 Falsa
436 663 555 747 species
577 667 648 728 orta
676 683 715 726 ex
744 662 948 735 tenebrarum
979 661 1100 733 incerto
1122 660 1283 724 Romanos
1304 657 1373 742 pel-

235 766 328 846 lexit,
352 773 388 830 ut
410 767 594 844 crederent,
618 764 775 848 quaedam
798 765 1009 840 munimenta,
1033 783 1114 846 quae
1137 783 1173 826 re
1194 781 1269 826 vera
1290 761 1371 824 iute-

235 890 293 960 gra
314 869 516 956 nondumque
538 873 721 951 expugnata
743 873 850 945 erant,
887 872 1041 955 perrupta
1064 864 1105 929 ab
1126 864 1271 929 hostibus
1293 883 1372 927 esse.

324 970 436 1047 Arinal.
459 969 513 1047 IV,
536 968 681 1048 LXVIII,
705 971 754 1033 21.
778 972 843 1046 „Ao
865 970 929 1033 iam
952 967 1036 1033 ultro
1058 967 1195 1041 Sabinus
1218 986 1374 1050 quaerere

236 1073 417 1156 Latiarum,
440 1071 596 1146 ventitare
613 1071 756 1148 domum,
779 1070 904 1135 dolores
927 1092 999 1136 suos
1015 1071 1106 1155 quasi
1123 1072 1164 1136 ad
1180 1069 1371 1136 fidissimum

236 1174 389 1240 deferret

319 1277 435 1353 Infelix
453 1275 590 1350 Sabinus
619 1274 708 1350 illum
738 1275 898 1341 hominem
924 1274 1113 1341 fidissimum
1142 1296 1210 1345 esse
1232 1275 1373 1340 amioum

236 1380 384 1464 putabat,
421 1378 475 1462 qui
509 1377 691 1453 foedissima
724 1377 908 1453 consulatus
945 1377 1093 1461 eupIdine
1129 1378 1291 1456 incensus,
1329 1379 1373 1443 ad

236 1503 328 1566 quem
352 1482 412 1545 nisi
434 1480 599 1547 voluntate
622 1479 747 1560 Seiani,
785 1501 867 1571 quae
889 1479 1060 1545 sceleribus
1089 1485 1216 1545 tautum
1238 1501 1374 1565 quaere-

235 1586 345 1662 batur,
381 1583 546 1667 pervenire
568 1603 633 1647 uon
655 1587 795 1666 poterat,
830 1583 870 1646 ad
893 1583 1038 1653 incautos
1060 1588 1173 1648 eontra
1195 1583 1373 1667 principem

236 1705 397 1764 sermones
421 1707 491 1750 eum
513 1684 683 1765 illiciebat,
713 1706 751 1758 err
774 1684 903 1769 quibus,
934 1685 1067 1750 testibus
1090 1686 1296 1769 comparatis,
1319 1706 1374 1750 ae-

235 1791 432 1856 cusatiouem
454 1792 666 1870 componeret.

320 1890 437 1955 Annal.
461 1889 496 1966 V,
521 1889 567 1966 II,
590 1895 620 1952 4.
651 1889 878 1972 „Honoresque
911 1889 1083 1954 memoriae
1111 1890 1179 1955 eius
1208 1911 1228 1956 a
1257 1896 1373 1957 senatu

235 1995 322 2077 large
345 1994 488 2056 decretos
510 1991 602 2075 quasi
624 2011 681 2073 per
704 1991 890 2055 modestiam
912 1993 1102 2059 imminuit“.

322 2096 479 2161 Virtutem
502 2093 675 2157 modestiae
696 2093 822 2160 Tiberio
855 2100 939 2160 certe
969 2117 1062 2161 nemo
1092 2095 1241 2161 attribuit
1268 2116 1371 2178 neque

236 2201 315 2265 haec
336 2219 424 2278 eum,
461 2203 498 2261 ut
526 2195 726 2261 imminueret
748 2197 849 2261 Iuliae
873 2201 1033 2282 Augustae
1062 2199 1205 2263 decretos
1226 2199 1371 2275 honores,

235 2301 372 2386 impulit,
394 2299 459 2376 sed,
482 2304 518 2363 ut
538 2298 603 2362 fere
626 2319 734 2363 omnes
757 2301 894 2382 tyranni,
917 2301 1037 2364 invidia
1060 2307 1201 2380 vexatus,
1226 2321 1263 2365 ne
1277 2320 1368 2384 prae-

236 2413 286 2470 ter
308 2405 410 2487 ipsum
439 2400 495 2465 aIIi
516 2421 641 2485 quoque
671 2401 790 2466 honore
818 2410 1023 2482 ornarentur,
1060 2406 1154 2468 auxie
1176 2403 1296 2468 efficere
1317 2422 1367 2467 eo-

237 2512 332 2572 uatus
354 2509 416 2582 est,
438 2508 475 2568 ut
495 2503 726 2586 angustissimis
747 2503 863 2570 finibus
877 2511 1005 2589 patrum
1021 2506 1184 2571 decretum
1200 2509 1370 2571 coerceret

323 2605 435 2672 Annal.
459 2605 513 2683 VI,
535 2605 622 2684 VIII,
642 2611 668 2670 l.
691 2609 754 2685 „At
775 2607 894 2672 Romae
916 2608 1073 2692 principio
1096 2610 1187 2689 anui,
1210 2607 1301 2691 quasi
1323 2627 1373 2671 re-

238 2730 312 2775 cens
333 2707 467 2792 cognitis
489 2707 597 2772 Liviae
633 2706 763 2791 flagitiis
791 2730 828 2774 ac
862 2731 923 2775 uon
956 2711 1078 2794 pridem
1111 2711 1210 2776 etiam
1239 2708 1370 2792 punitis,

239 2821 362 2879 atroces
385 2810 562 2878 sententiae
586 2808 803 2888 dicebantur‘.

324 2914 451 2996 Additis
479 2911 543 2977 illis
564 2912 668 2977 verbis
694 2934 751 2991 „ac
775 2936 836 2980 nou
865 2913 988 2998 pridem
1010 2916 1107 2981 etiam
1129 2916 1279 3001 punitis“,
1316 2913 1372 2978 d0·.

238 3039 356 3097 cemur,
392 3039 455 3100 quo
478 3037 552 3081 uam
574 3015 668 3080 modo
689 3019 798 3100 priora
822 3017 879 3081 illa
900 3019 1012 3102 „quasi
1033 3040 1142 3084 recens
1165 3018 1299 3101 cognitis
1321 3017 1374 3081 Li·

239 3122 309 3186 viae
330 3119 489 3202 flagitiis“,
513 3119 697 3203 accipienda
718 3120 791 3184 siut.

325 3223 437 3287 Annal.
460 3222 515 3300 VI,
536 3223 636 3301 IIXX,
662 3227 709 3286 li.
739 3223 921 3308 ,Vocesque
943 3224 1117 3289 deficientis
1138 3224 1263 3311 (Drusi)
1287 3223 1375 3288 adie-

241 3333 343 3405 cerat,
381 3325 451 3409 quis
480 3327 583 3408 primo
606 3324 845 3410 (alienationem
868 3328 985 3392 mentis
1013 3327 1181 3413 simulans)
1203 3326 1295 3410 quasi
1317 3347 1376 3410 per

241 3430 433 3497 dementiam
457 3427 584 3492 funesta
605 3428 748 3509 Tiberio,
770 3450 861 3508 mox,
888 3429 943 3494 ubi
966 3420 1078 3514 exspes
1099 3431 1183 3496 vitae
1204 3431 1281 3508 fuit,
1309 3449 1375 3494 me-

241 3533 362 3610 ditatas
381 3530 635 3614 compositasque
654 3531 740 3596 diras
761 3531 1025 3615 imprecabatur“.

327 3634 406 3698 Cum
428 3631 619 3718 Nipperdeio
653 3634 749 3717 plane
784 3635 945 3699 consentio
977 3637 1010 3698 iu
1040 3657 1091 3715 eo,
1127 3635 1213 3719 quod
1246 3635 1375 3700 credam

242 3738 337 3803 verba
358 3737 449 3804 uncis
469 3736 608 3814 inclusa,
630 3757 650 3800 a
671 3735 802 3816 lectore,
827 3738 881 3820 qui
898 3737 1109 3803 desiderasset
1130 3738 1375 3822 explicationem

243 3840 409 3905 verborum
441 3839 553 3922 „quasi
581 3859 642 3923 per·
667 3839 889 3920 dementiam“,
925 3842 1115 3925 interposita
1149 3863 1226 3911 esse.
1271 3843 1377 3908 Sarrae

242 3942 304 4007 loci
326 3941 528 4025 explicationi
551 3949 637 4007 certe
659 3949 847 4027 repugnant.
891 3943 1020 4008 Tacitus
1039 3943 1274 4020 diceremur-iu
1294 3946 1377 4010 Dru-

244 4064 314 4108 sum
335 4044 473 4126 primum
506 4050 572 4108 tam
594 4046 755 4110 concitata
784 4052 816 4111 et
842 4046 997 4111 iracunda
1025 4047 1123 4112 verba
1151 4048 1185 4113 in
1215 4049 1377 4124 Tiberium

243 4144 410 4236 effudIsse,
445 4151 482 4213 ut
511 4147 698 4221 credidisses
725 4169 797 4215 eum
825 4149 972 4224 insanire.
1017 4147 1067 4217 Illi
1096 4150 1209 4233 „quasi
1236 4172 1294 4234 per
1324 4151 1378 4214 de·

244 4249 417 4327 mentiam“
439 4252 617 4337 oppositum
641 4256 706 4315 est:
729 4252 920 4333 „meditatas
935 4253 1190 4338 compositasque
1210 4252 1297 4317 diras
1318 4252 1378 4319 im·
