2836 4814
583 299 689 380 '43

105 507 162 566 aut
193 522 304 584 graves
336 520 431 565 onere
463 499 675 564 sarcinarum
692 507 724 564 et
755 501 877 566 lubrico
905 501 1054 568 itinerum
1087 500 1237 584 adempta

105 610 258 686 e'quorum
280 602 468 685 pernicitate
436 601 626 667 te'vclut
598 603 694 666 vrncti
670 603 894 668 ttcaedeban
880 608 960 668 t“er.

191 705 288 784 „tFas
274 709 358 783 t,so
381 704 428 768 als
451 726 540 768 wenn
563 704 608 768 sie
630 704 776 786 gefesselt
797 709 931 769 wdren‘t

190 805 273 871 Hist.
295 806 319 878 Ι
342 807 485 886 LXXIX,
509 808 557 872 10
582 807 745 922 „Namque
768 807 882 873 mirum
904 807 990 873 dictu
955 813 1050 873 tut
1071 807 1112 877 sit
1134 807 1237 872 omnis

106 910 325 975 Sarmatarum
348 911 410 974 virt
410 931 447 974 us
396 909 631 974 ttvelut
577 914 631 974 ext
631 930 667 975 ra
688 909 804 997 ipsos‘t
1089 945 1091 950 v

192 1012 328 1077 Hoot
280 1019 328 1076 est
336 1033 344 1078 ε
368 1012 554 1077 credidisses
575 1032 698 1077 omnem
714 1011 864 1076 virtutem
886 1033 995 1078 eorum
1017 1014 1049 1079 in
1072 1013 1161 1098 equis
1182 1033 1237 1098 pc-

105 1115 200 1179 sitam
221 1133 298 1178 esse.

189 1216 272 1280 Hist.
296 1217 320 1292 l,
343 1216 516 1294 LXXXIX,
539 1220 567 1280 6.
606 1215 743 1295 „Secura
774 1221 842 1281 tum
873 1215 952 1282 urbe
987 1223 1020 1281 et
1051 1215 1239 1299 provinciali

105 1319 204 1398 bello,
229 1319 312 1402 quod
334 1319 418 1384 inter
439 1319 578 1400 legiones
601 1318 783 1402 Galliasque
804 1318 889 1384 velut
912 1324 1077 1384 externum
1098 1317 1190 1387 fuir.
1229 1369 1231 1373 .

192 1421 239 1486 Cf.
265 1421 409 1500 Dcderl,
432 1420 585 1504 lat-Syn.
608 1421 661 1501 IV,
685 1426 745 1486 388
768 1426 800 1486 et
823 1421 952 1500 Weber,
981 1421 1238 1504 Uebungsschule

106 1547 157 1610 pg.
180 1529 254 1590 416.

190 1626 273 1693 Hist.
297 1625 338 1703 II,
361 1625 431 1703 XX,
457 1629 483 1689 l.
518 1627 580 1704 „At
608 1625 761 1705 Caecina,
794 1624 881 1692 velut
909 1623 1021 1691 relicta
1050 1632 1121 1709 post
1142 1625 1238 1710 Alpes

108 1729 240 1793 saevitia
262 1748 299 1791 ac
319 1725 463 1806 licentia,
487 1727 627 1793 modesto
650 1729 775 1810 agmine
798 1747 854 1812 per
876 1728 1004 1794 Italiam
1027 1727 1184 1796 incessit“.

192 1830 240 1894 Ex
262 1829 324 1894 fine
348 1829 577 1895 enuntiationis
605 1833 817 1915 cognoscitur,
854 1829 998 1897 Tacitum
1028 1830 1141 1896 falsam
1169 1851 1238 1914 spev

106 1935 185 2000 ciem
207 1934 328 1999 efficere
349 1933 497 1998 noluisse.

191 2037 274 2102 Hist.
296 2037 338 2112 II,
354 2038 502 2116 XXVIII,
525 2043 554 2102 8.
577 2035 728 2114 „Veteres
749 2035 822 2100 illos
843 2041 876 2100 et
896 2040 946 2101 tot
966 2035 1119 2102 bellorum
1142 2034 1238 2099 victo·

106 2160 169 2219 res,
192 2146 360 2223 postquam
382 2140 414 2205 in
437 2144 606 2223 conspectu
627 2139 670 2203 sit
690 2137 789 2205 hostis
810 2137 897 2204 velut
918 2159 957 2204 ex
979 2139 1047 2204 acie
1069 2135 1215 2202 abduci“.

191 2243 263 2308 Non
291 2244 358 2307 sinc
386 2243 455 2307 iure
483 2240 622 2324 legiones
648 2246 779 2325 questas
809 2261 877 2306 esse
905 2241 1066 2319 videntur,
1101 2240 1239 2304 Batavos

106 2345 235 2410 exacte
259 2344 388 2423 abduci,
411 2364 486 2408 nam
508 2343 615 2408 hostili
636 2345 669 2407 in
691 2348 793 2423 terra,
823 2349 990 2429 postquam
1013 2344 1046 2408 in
1069 2346 1238 2426 conspectu

107 2451 178 2510 erat
192 2445 292 2509 hostis
305 2447 359 2528 qui
374 2446 608 2530 impugnandus
623 2451 701 2525 erat,
724 2446 937 2512 conditionem
953 2452 1135 2528 statumque
1149 2462 1239 2507 exer-

108 2549 189 2611 citus
210 2568 281 2611 cum
310 2549 377 2613 acie
399 2549 538 2633 quadam
560 2571 656 2634 perpe
658 2555 715 2614 tua
742 2568 927 2632 comparare
949 2568 969 2612 a
991 2547 1123 2614 veritato
1091 2544 1238 2611 tvalde

108 2650 248 2716 alienum
270 2671 333 2715 non
355 2655 434 2715 erat.

192 2753 274 2818 Hist.
292 2751 350 2831 ΙΙΙ,
367 2751 548 2834 XXXVIII,
566 2758 612 2818 15.
636 2755 747 2834 Quod
762 2753 893 2838 srngulrs
909 2752 1016 2819 velut
980 2756 1051 2818 rc
1037 2751 1152 2817 rbus
1138 2755 1240 2815 trans·
1340 2753 1343 2759 '

108 2863 181 2922 acta
203 2862 277 2921 sunt
263 2855 427 2933 t,bella
418 2856 546 2938 1gnavia
567 2857 745 2942 principum
767 2857 832 2921 fect
819 2863 885 2921 tum
909 2860 987 2921 est“.

193 2957 345 3022 Conferas
367 2959 470 3041 Agric.
495 2959 671 3039 XXXXIV,
698 2964 744 3024 19.

195 3060 276 3124 Hist.
299 3059 340 3137 II,
373 3061 546 3140 LXXXXI,
578 3065 605 3125 6.
650 3062 757 3142 „Adeo
786 3061 888 3126 omnis
918 3058 1048 3125 humani
1078 3058 1240 3141 divinique

110 3162 188 3228 iuris
209 3181 335 3246 expers,
356 3162 427 3245 pari
447 3163 646 3244 libertorum,
670 3165 842 3230 amicorum
865 3162 1026 3246 socordia,
1049 3161 1135 3227 velut
1155 3160 1240 3226 inter

109 3265 303 3330 temulentos
325 3264 469 3349 agebod‘.

193 3367 243 3432 Ita
272 3388 305 3431 se
327 3375 493 3449 gesserunt
521 3374 558 3434 ut
580 3370 686 3435 omnis
703 3369 836 3434 rationis
858 3375 1003 3454 expertes
1032 3372 1065 3433 et
1086 3365 1240 3432 temulen-

110 3475 215 3535 torum
237 3468 389 3534 simillimi
411 3491 479 3536 esse
501 3472 693 3537 viderentur.

193 3570 275 3634 Hist.
306 3571 364 3648 Ill,
395 3572 419 3651 I,
452 3577 500 3638 13.
544 3573 734 3662 „Superesse
758 3573 950 3657 Vespasiano
980 3593 1082 3652 mare,
1116 3573 1242 3653 classes,

110 3674 216 3737 studia
231 3673 472 3756 provinciarum,
496 3695 553 3758 per
568 3696 647 3757 quas
662 3675 748 3740 velut
771 3677 881 3742 alteris
896 3675 969 3741 belli
986 3676 1099 3742 molem
1115 3676 1241 3765 cieret‘p‘.

195 3775 242 3841 Cf.
266 3775 349 3839 Hist.
380 3775 404 3852 Ι,
434 3780 488 3855 61;
518 3777 559 3855 ΙΙ,
592 3783 651 3858 74;
685 3779 798 3842 Annel.
823 3779 891 3855 XV,
922 3783 950 3842 2.
981 3815 1023 3826 -
1051 3778 1110 3843 His
1138 3777 1242 3843 verbis

110 3879 289 3961 causisque,
319 3876 434 3960 quibus
455 3880 594 3961 opperiri
616 3881 735 3944 auxilia
762 3888 796 3946 et
826 3878 953 3945 trahere
975 3880 1092 3945 bellum
1116 3881 1242 3946 videba-

110 3986 177 4059 tur,
201 3981 390 4044 sententiam
414 4000 502 4043 suam
526 3983 713 4047 confirmare
735 3982 916 4048 studebant.

36 4072 39 4074 ⁷
195 4082 325 4161 „Essei
346 4081 535 4165 Vespasian,
564 4083 663 4148 durch
686 4084 744 4150 das
768 4085 868 4164 Meer,
890 4083 941 4149 die
962 4084 1084 4164 Flotte,
1107 4084 1157 4150 die
1179 4085 1240 4150 Zu-

110 4184 249 4268 neigung
271 4183 327 4249 der
349 4185 537 4266 Provinzen,
567 4187 700 4253 mittelst
721 4187 816 4252 deren
840 4209 874 4252 er
896 4187 946 4252 die
965 4187 1096 4266 Wncht,
1123 4187 1241 4272 gleich-

110 4304 179 4352 sam
200 4285 282 4352 no'ch
304 4287 389 4353 eines
412 4288 543 4372 Krieges
564 4287 726 4356 aulbieten
748 4289 867 4370 kdnne,
889 4291 931 4355 im
954 4289 1127 4358 Vortheil“.
