2836 4814
691 311 728 369 Π

141 511 199 576 per
221 489 346 554 litteras
373 491 594 556 benevolentia
626 493 659 555 in
688 497 834 574 apertum
856 496 981 556 motata
1002 492 1195 572 estodium,
1231 495 1278 558 ita

142 599 195 670 ut,
219 594 310 676 quasi
333 595 474 658 rixantes
496 600 609 677 stupra
631 598 664 657 et
685 592 808 675 flagitia
829 594 862 657 in
883 595 982 658 ricem
1005 594 1211 659 oblectarent.
1235 631 1275 644 -

144 698 232 776 Quae
263 698 305 760 sit
333 695 522 786 significatio
544 696 630 760 verbi
659 696 826 772 „rixandi‘
855 717 893 761 ex
915 697 984 778 ipso
1006 690 1117 760 Tacito
1140 696 1277 761 dilucide

145 804 292 883 apparet,
315 799 341 862 si
365 798 489 863 confers
512 798 594 862 Hist.
610 798 635 876 I,
653 802 693 860 64
716 798 843 881 „InrgIa
864 800 1017 881 primum,
1040 816 1114 862 mox
1135 801 1206 862 rixa
1227 799 1278 862 in·

145 907 195 966 ter
216 901 277 965 Bet
264 908 353 965 tavos
375 907 479 964 cto
429 900 618 984 legionarios
642 936 680 948 —
705 938 745 948 -
772 940 808 950 -
834 921 932 984 prope
953 902 986 964 in
1010 901 1165 984 proelium
1187 912 1277 966 exa‘r·

146 1012 290 1069 serunt‘·
283 1004 402 1083 ,Hist
425 1003 466 1081 ΙΙ,
490 1008 528 1067 27
553 1004 732 1088 „Corrupto
761 1005 871 1088 iurgiis
893 1008 949 1067 aut
970 1003 1049 1068 rixis
1071 1003 1277 1088 discipliua“;
1367 1063 1371 1071 .

146 1105 226 1171 Dial
249 1057 384 1185 XXVI,
388 1106 527 1185 ,Cassius
559 1107 693 1171 Severus
721 1144 761 1154 —
785 1147 824 1157 -
848 1144 889 1152 —-
911 1126 974 1168 non
1001 1113 1123 1190 pugnat
1109 1108 1207 1172 tsed
1236 1108 1278 1171 ri-

143 1214 269 1274 xatur“.

229 1310 360 1375 Obtinet
382 1312 429 1375 vis
450 1312 611 1390 vocabuli,
634 1317 671 1375 ut
693 1311 754 1376 loci
777 1312 955 1376 enumerati
977 1312 1105 1390 docent,
1137 1312 1278 1377 medium

142 1413 248 1478 locum
273 1415 357 1477 inter
379 1414 516 1496 iurgium
539 1421 572 1478 et
593 1412 746 1497 proelium
769 1415 818 1478 vel
840 1434 995 1498 pugnam,
1024 1414 1071 1477 ita
1092 1420 1128 1478 ut
1149 1426 1277 1498 respon-

143 1517 220 1581 deat
241 1516 341 1580 nostri
363 1518 518 1580 sermonis
540 1517 687 1581 voculae:
725 1516 862 1581 rauferel
877 1518 917 1597 *ι
964 1520 1066 1599 Atqno
1094 1526 1163 1580 oum
1188 1506 1278 1582 Taci-

143 1623 197 1682 tus
219 1617 278 1682 hoc
301 1619 355 1683 vili
378 1626 409 1682 et
431 1619 563 1702 ignobili
586 1619 739 1682 vocabulo
762 1625 921 1697 uteretur,
945 1625 982 1681 ut
1003 1615 1196 1699 significaret
1218 1620 1278 1683 ini·

143 1720 281 1785 micitias
303 1728 390 1786 ortas
411 1721 494 1786 inter
509 1721 589 1786 duos
610 1722 818 1805 imperatores
839 1721 924 1784 illius
943 1721 1046 1801 regni,
1069 1720 1152 1802 quod
1174 1726 1277 1786 totum

144 1823 256 1887 orbum
279 1829 436 1888 terrarum
470 1825 529 1889 sibi
563 1824 760 1903 subiecisset,
796 1824 863 1906 ipse
895 1823 973 1886 bene
1004 1822 1102 1886 sensit
1123 1823 1275 1888 audacem

143 1946 211 1990 esse
233 1924 489 2004 translationem,
516 1946 580 2009 qua
602 1928 640 1991 de
663 1940 713 2003 re,
745 1924 856 1989 addita
878 1923 1036 2007 partlcula
1058 1927 1189 2006 ‚nuasi“
1210 1928 1277 2010 ipse

142 2049 213 2092 eam
236 2030 399 2093 excusavit
420 2029 655 2112 mitigavitque,
692 2027 786 2092 simili
815 2026 925 2102 inodo,
962 2041 1024 2108 quo
1046 2037 1104 2090 nos
1126 2028 1277 2113 dicimus:

143 2151 199 2210 „so
220 2153 260 2194 au
282 2139 409 2214 segent
454 2132 573 2195 Eadem
605 2132 703 2213 igitur
735 2143 806 2194 cnm
828 2129 859 2192 vi
891 2129 1048 2212 particula
1077 2131 1180 2212 posita
1210 2151 1277 2194 esse

142 2233 271 2298 videtur
292 2254 329 2298 ao
351 2234 378 2298 si
399 2233 479 2298 illud
496 2235 562 2316 **):
586 2240 643 2312 „ut
665 2234 709 2297 sic
731 2232 885 2297 dixerlm“
900 2229 1153 2314 (Dialxxxlle
1176 2242 1277 2315 patho

144 2335 309 2418 dixerim),
351 2335 436 2418 quod
464 2337 582 2420 ubique
611 2337 695 2420 apud
718 2336 861 2400 Tacitum
891 2333 1050 2416 reperitur
1072 2353 1131 2417 pro
1155 2340 1211 2411 „nt
1231 2335 1278 2399 ita

145 2438 281 2512 dicam‘,
304 2436 441 2500 formula
463 2439 672 2503 usitatissima
695 2438 865 2502 latinitatis
887 2448 1011 2500 aureae.

232 2538 346 2602 Annal.
369 2539 393 2618 I,
415 2539 559 2618 LXVIII,
582 2544 611 2605 8.
645 2541 767 2624 „Igitur
798 2547 870 2603 orta
898 2540 948 2602 die
979 2545 1136 2620 proruunt
1167 2538 1276 2620 fossas,

144 2638 292 2704 inliciunt
314 2647 429 2722 crates,
466 2660 590 2707 summa
612 2643 688 2708 valli
710 2647 876 2728 prensant,
908 2657 982 2706 raro
1005 2661 1100 2724 super
1121 2641 1220 2707 milite
1243 2651 1277 2707 et

143 2743 235 2824 quasi
258 2743 297 2808 ob
319 2751 438 2809 metum
461 2744 596 2811 defixo“.

227 2844 329 2910 Simili
351 2848 460 2925 modu,
494 2869 557 2931 quc
580 2849 680 2932 prior,
715 2848 766 2912 hic
788 2865 913 2931 quoque
936 2847 1139 2926 comparatus
1161 2852 1209 2909 est
1231 2846 1276 2910 lo-

142 2966 207 3010 cus.
252 2948 357 3013 Servit
378 2952 464 3015 enim
485 2958 559 3035 part
546 2952 660 3031 ticula,
684 2951 772 3015 cuius
790 2950 904 3015 adiect
881 2956 966 3013 trono
988 2950 1097 3011 statim
1119 2949 1276 3029 cognosci·

141 3069 227 3124 mus,
264 3052 443 3132 quomodo
465 3054 561 3118 verba
582 3054 673 3120 Tacit
660 3061 710 3118 tus
733 3051 956 3166 comprehendi
978 3022 1128 3128 volderlt,
1168 3051 1208 3116 ad
1231 3052 1276 3118 lo

141 3151 291 3216 niendam
322 3152 433 3218 similis
461 3155 645 3222 audaciam
686 3155 876 3239 „gleichsam
898 3154 955 3218 wic
979 3168 1040 3219 von
1072 3150 1180 3219 fnrcht
1200 3153 1275 3220 fest—

140 3254 311 3337 gebannt“.

226 3357 297 3423 Huc
318 3379 443 3442 quoquc
475 3363 614 3444 pertinet
646 3361 748 3436 locus,
778 3381 872 3443 quem
904 3359 1053 3442 legimust
1091 3357 1206 3422 Annal.
1230 3358 1271 3440 ΙΙ,

141 3458 303 3539 LXXXII,
325 3465 375 3525 21.
407 3463 469 3542 ,ut
497 3465 634 3549 populus
663 3465 753 3549 quasi
779 3481 905 3527 rursum
927 3465 1069 3544 ereptum
1093 3461 1197 3524 acrius
1218 3461 1274 3526 do-

140 3562 221 3626 luit“
245 3561 506 3645 (Germanicum).
552 3566 688 3633 Deinde:
715 3565 825 3630 Annal.
841 3560 1088 3641 lII,lIXXXVI,
1105 3566 1152 3625 16.
1179 3562 1274 3643 „Qui-

139 3664 214 3730 dam
237 3665 290 3746 (de
311 3665 440 3731 ferratis
462 3669 592 3750 dicitur)
624 3670 771 3735 trudibus
800 3670 856 3732 aut
885 3665 982 3729 furcis
1002 3663 1136 3727 inertem
1158 3664 1272 3729 molem

139 3774 353 3851 prosternere,
390 3773 592 3854 iacentesque
620 3772 709 3836 nullo
740 3771 781 3835 ad
811 3765 1037 3850 resurgendum
1059 3765 1144 3844 nisu,
1182 3769 1272 3850 quasi

138 3871 302 3936 exanimes
324 3871 581 3955 linquebantur“.
626 3875 671 3938 Ut
692 3895 758 3938 rem
782 3870 1017 3936 accuratissime
1032 3866 1273 3933 dilucidissime·

137 3994 199 4058 que
223 3973 410 4058 depingeret
438 3977 587 4059 scriptor,
625 3976 720 4041 slmili
742 3994 819 4040 usus
847 3978 910 4051 est,
947 3970 1031 4055 quod
1054 3971 1120 4053 ipse
1143 3973 1270 4036 veritati

188 4220 213 4288 *l
232 4218 272 4274 cf.
290 4219 452 4285 Diiderlein,
471 4218 519 4270 lat.
537 4215 602 4285 Syn.
620 4218 653 4284 V,
673 4235 719 4287 pg.
739 4217 786 4281 223
804 4213 853 4280 III,
871 4212 916 4280 p'g.
934 4211 994 4262 250.

170 4308 211 4377 *n
231 4308 270 4361 cf.
289 4307 393 4376 was,
413 4307 485 4362 ruri.
503 4306 602 4373 xxvi,
619 4323 665 4374 pg.
689 4306 748 4357 raa.
1046 4365 1063 4415 2
