2836 4814
772 291 811 352 22

222 497 345 541 vocare.
396 476 501 542 Sensit
532 476 614 539 enim
648 475 784 558 scriptor
815 496 849 539 re
883 497 958 540 vera
991 474 1075 538 hanc
1106 474 1360 537 verberationem

224 587 399 662 „poenam“
426 578 489 643 diei
509 599 573 642 non
603 599 695 660 posse
717 578 772 643 sed
794 583 958 641 externam
981 577 1082 641 solam
1105 586 1266 660 „poenae“
1290 601 1361 663 spe·

224 680 303 745 ciem
326 680 488 756 exhibere,
513 701 609 762 quam
632 680 671 744 ob
694 700 761 743 rem
784 681 915 763 „quasi“
937 679 1128 763 particulam
1151 679 1284 744 addidit.

310 781 393 846 Hist.
417 783 446 861 I,
469 782 630 859 XXXXV,
654 787 683 846 9.
708 781 872 861 „'Celsum‚
910 780 1072 846 consulem
1103 783 1303 865 designatum
1328 790 1362 848 et

224 883 345 948 Galbae
367 885 521 965 usquein
544 890 703 948 extremas
731 905 781 949 res
803 886 940 950 amicum
963 884 1139 968 fidumque,
1176 885 1216 949 ad
1241 886 1363 970 snppli-

224 985 308 1051 cium
341 985 604 1069 expostulabant,
642 986 819 1074 industriae
852 988 920 1053 eius
954 987 1231 1071 innocentiaeque,
1269 991 1363 1072 quasi

226 1088 319 1153 malis
341 1087 464 1155 artibus
485 1088 628 1155 infensi“.
1035 1154 1038 1159 ,

311 1191 503 1269 „Erbittert,
526 1189 573 1254 als
589 1190 628 1254 ob
644 1210 677 1254 es
692 1190 853 1256 soblechte
868 1193 982 1258 kiiuste
997 1197 1131 1258 wtiren“.
1176 1193 1259 1257 Sane
1282 1192 1364 1258 fides

225 1314 302 1375 erga
324 1293 498 1377 prinoipem
521 1298 705 1358 constanter
735 1301 860 1359 servata
891 1315 1015 1360 summa
1036 1316 1107 1359 cum
1139 1296 1256 1360 iniuria
1277 1296 1365 1361 inter

227 1396 329 1461 malas
352 1402 438 1461 artes
461 1394 649 1460 habebatur.

312 1499 394 1564 Hist.
418 1499 481 1575 ΙΙΙ,
504 1499 601 1576 XXV,
625 1503 654 1564 3.
690 1499 849 1578 „Gradum
884 1500 1027 1564 inferunt
1056 1500 1147 1583 quasi
1182 1501 1366 1568 recentibus

227 1601 355 1666 auxiliis
377 1601 493 1666 auoti“.

313 1704 390 1784 „Als
412 1703 451 1768 ob
475 1706 520 1769 sie
543 1705 641 1771 durch
665 1705 782 1770 frisebe
804 1704 1026 1789 biilfstruppen
1049 1705 1207 1769 verstbrlrt
1228 1709 1365 1771 waren‘t

229 1806 303 1870 Iure
331 1805 379 1869 ita
406 1826 465 1871 nos
492 1808 571 1872 haee
599 1808 730 1873 vertisse
752 1808 848 1872 verba
877 1808 981 1891 prima
1004 1808 1227 1873 enunciatione
1249 1810 1366 1892 eapItis

229 1909 399 1991 probatur:
422 1929 540 1991 „vagus
561 1910 650 1988 inde,
674 1932 716 1976 an
738 1911 869 1975 oonsilio
892 1911 980 1975 ducis
1003 1910 1147 1974 subditus
1170 1932 1287 1992 rumor,
1309 1913 1367 1976 ad-

229 2011 351 2075 venisse
374 2011 572 2090 Mucianum,
595 2013 752 2077 exereitus
773 2015 805 2076 in
830 2014 927 2077 vleem
951 2012 1135 2078 salutasset

316 2113 428 2178 Annal.
451 2116 476 2192 I,
499 2114 615 2193 XXIV,
640 2119 688 2178 10.
707 2113 846 2192 ,Druso
875 2115 1105 2199 propinquanti
1127 2116 1217 2199 quasi
1240 2138 1298 2201 per
1320 2118 1367 2183 of·

230 2215 336 2280 ficium
361 2216 472 2281 obviae
494 2215 583 2281 fuere
605 2216 773 2299 legiones“.

316 2319 396 2396 „Dte
418 2318 562 2402 legionen
586 2319 701 2384 kamen
724 2318 796 2384 dem
819 2317 987 2382 nabenden
1011 2318 1132 2383 Drusus
1154 2319 1211 2384 wie
1234 2341 1290 2384 zur
1311 2319 1349 2385 eh

230 2421 471 2505 reubeueugnng
493 2425 677 2504 entgegen“.

316 2523 404 2588 Nihil
426 2523 486 2587 nisi
508 2522 669 2587 simulatio
684 2523 824 2607 obsequii
841 2528 925 2603 erat,
948 2544 1022 2587 nam
1046 2524 1210 2607 exprimis
1232 2525 1368 2608 proximi

232 2627 346 2710 eapitis
371 2626 473 2691 verbis
502 2623 708 2706 intelligimus
730 2624 841 2708 quales
870 2646 905 2689 re
927 2645 1003 2688 vera
1032 2624 1151 2690 fuerint
1173 2627 1203 2691 in
1229 2627 1372 2691 Drusum¹

232 2729 331 2794 animi
354 2728 505 2805 militurn,
530 2728 647 2811 qnippe
670 2727 724 2811 qui
747 2727 816 2810 ipsa
837 2729 882 2806 vi,
905 2734 942 2791 ut
963 2748 1045 2810 quae
1062 2726 1194 2807 vellent,
1216 2729 1365 2812 impetra-

232 2840 320 2907 rent,
344 2853 406 2895 non
423 2828 638 2896 abhorrebant
660 2849 748 2908 oum,
770 2835 938 2912 postquam
957 2830 1076 2894 vallum
1098 2832 1233 2910 introiit,
1256 2836 1366 2914 portas

232 2934 424 2999 stationibus
445 2932 626 3008 firmarent,
660 2930 767 3014 globos
791 2936 986 2997 armatorum
1010 2935 1104 2998 certis
1126 2941 1301 2998 castrorum
1323 2933 1367 2997 Io·

232 3037 278 3101 ois
299 3037 437 3120 opperiri
460 3034 619 3114 iuberent,
657 3035 754 3098 reteri
777 3033 918 3101 tribunal
945 3037 1067 3119 ingenti
1088 3038 1214 3120 agmine
1236 3039 1371 3102 circum·

233 3138 385 3204 venirent.

320 3241 367 3306 De
398 3238 548 3306 vocabulo
573 3238 666 3304 officii
689 3239 920 3322 significatione
950 3242 1078 3321 eadem,
1108 3262 1190 3324 quae
1219 3239 1370 3305 hocloco

234 3348 263 3411 ei
286 3345 383 3424 inest,
406 3343 553 3427 praedita
575 3341 737 3427 conferas:
776 3345 879 3426 Agrio.
906 3344 1041 3423 XXXX;
1066 3343 1147 3407 Hist.
1172 3345 1196 3422 I,
1219 3343 1369 3424 LXXIV3

237 3448 349 3512 Annal.
367 3447 420 3523 VI,
442 3447 522 3528 Η).
571 3445 793 3509 Ddderleinius
814 3447 899 3511 hunc
922 3468 1012 3511 usum
1037 3446 1218 3511 observasse
1240 3467 1303 3511 non
1326 3448 1370 3510 vi-

235 3551 343 3627 detur,
366 3571 436 3613 oum
460 3548 562 3613 dicat:
601 3548 672 3627 „die
695 3547 797 3612 officia
819 3548 865 3613 als
887 3547 1123 3632 gafalliglreiteu
1146 3548 1222 3614 oder
1242 3548 1371 3614 freond-

236 3651 479 3718 sehaltsdienste
502 3656 608 3716 setcen
631 3651 682 3715 ein
698 3651 1078 3732 gleicbheitsverhtiltnIss
1102 3651 1255 3715 zuischen
1277 3649 1371 3732 geber

235 3756 301 3821 ond
324 3753 509 3838 empfa'nger
531 3744 680 3831 voraus“;
704 3761 737 3816 et
757 3758 885 3836 postea:
910 3753 1004 3831 „dass
1027 3755 1071 3819 sie
1087 3753 1228 3833 (merita)
1245 3752 1301 3815 wie
1320 3750 1371 3814 die

235 3857 337 3923 officia
360 3859 450 3922 einen
475 3857 506 3919 al
529 3856 598 3939 pari
619 3855 793 3919 stebenden
815 3856 1001 3940 empfanger
1023 3860 1274 3920 voraussetzen“.

325 3960 437 4026 Annal.
463 3960 504 4036 ΙΙ,
520 3959 642 4038 LXIII,
657 3963 703 4020 lo.
728 3958 791 4035 „Et
812 3957 1027 4024 Maroboduus
1050 3958 1177 4041 quidem
1202 3958 1373 4022 Ravennae

237 4065 379 4141 habitus,
417 4064 443 4127 si
474 4062 602 4146 quando
632 4062 858 4125 insolescerent
880 4061 991 4138 Suebi,
1030 4059 1122 4144 quasi
1151 4061 1312 4125 rediturus
1339 4061 1371 4123 in

236 4188 367 4251 regnum
392 4165 641 4231 ostentabatur“.

289 4307 315 4376 *l
334 4306 373 4360 Cf.
394 4304 549 4370 Ddderlein,
568 4300 617 4356 lat.
635 4301 697 4371 Syn.
718 4301 750 4369 V,
767 4319 812 4371 pg.
831 4301 891 4354 353.
