2836 4814
695 313 731 374 19

233 494 346 557 Annal.
368 493 451 570 XIV,
473 493 573 572 XXX,
596 499 625 559 5.
661 497 885 580 „Druidaeque
907 498 1040 581 circum,
1063 522 1172 586 preces
1195 502 1282 569 diras

145 597 281 662 sublatis
304 596 344 660 ad
367 595 487 661 coelum
505 597 652 661 manIbus
676 600 858 676 fundentes,
882 602 1022 666 novitate
1045 611 1191 688 aspectus
1212 627 1282 689 per·

146 699 252 764 cnlere
274 699 420 776 militem,
457 707 494 762 ut
516 701 606 781 quasi
636 700 838 767 haerentibus
861 703 1010 769 membris
1031 706 1192 773 immobile
1215 729 1282 774 cor·

146 823 205 886 pus
228 801 409 866 vulneribus
429 801 650 885 praeberent“.

223 905 375 975 ,Podtious
397 904 526 986 quidem
560 903 646 968 color
681 903 755 968 huic
789 906 885 970 simili
914 908 1016 974 inesse
1039 909 1173 977 videtur.
1218 912 1281 996 (ef.

146 1007 363 1089 Vergilianum
384 1005 480 1070 illud:
504 1029 563 1071 vox
585 1007 730 1090 fauoiqus
752 1007 880 1092 haesit).

231 1108 343 1174 Aunal.
367 1109 452 1188 XIV,
475 1109 607 1185 XXVII,
634 1113 681 1174 13.
717 1109 797 1188 „Sed
827 1111 927 1193 ignoti
954 1113 1039 1177 iuter
1065 1133 1113 1189 se,
1150 1113 1283 1180 diversis

144 1211 331 1296 manipulis,
354 1211 421 1275 sine
444 1215 581 1290 rectore,
605 1212 671 1276 sine
694 1212 871 1278 adfectibus
885 1215 1018 1293 mutuis,
1042 1216 1135 1298 quasi
1157 1237 1195 1281 ex
1217 1216 1282 1282 alio

143 1335 257 1396 genere
280 1314 464 1378 mortalium
486 1320 617 1398 repente
647 1317 679 1379 in
704 1337 803 1380 unum
826 1316 962 1396 collecti,
999 1337 1150 1382 numerus
1180 1319 1282 1404 magis

145 1437 242 1500 quam
266 1417 422 1481 colonia“.

228 1519 298 1583 Hoc
319 1541 444 1603 quoque
467 1521 535 1585 loco
552 1521 721 1585 audaciore
744 1523 880 1605 scriptor
899 1541 976 1583 usus
991 1526 1040 1584 est
1060 1523 1281 1588 translatione.

231 1622 344 1686 Annal.
368 1623 451 1701 XIV,
470 1623 602 1701 XXXII,
622 1630 670 1688 14.
695 1624 812 1702 ,Quasi
835 1623 939 1686 media
960 1643 1038 1706 pace
1060 1624 1180 1690 incauti
1201 1627 1282 1690 mul-

145 1725 281 1790 titudiue
303 1724 517 1790 barbarorum
533 1726 853 1791 circumveniuntur“.

230 1829 277 1892 Re
300 1847 390 1905 vera,
412 1829 577 1892 commotis
598 1831 639 1893 ad
662 1829 902 1894 rebellationem
925 1827 1172 1894 Trinobantibus
1194 1830 1283 1895 aliis-

145 1951 206 2014 que
236 1929 410 2011 gentibus,
432 1951 514 2014 quae
544 1931 684 1996 nondum
715 1932 842 1996 servitio
874 1930 997 1995 fractae
1019 1938 1125 2010 erant,
1163 1934 1281 1999 bellum

144 2038 323 2113 exarserat,
360 2033 537 2115 quodcum
568 2055 646 2116 pace
674 2041 741 2097 tum
764 2034 864 2098 solum
888 2053 1072 2117 comparare
1094 2036 1200 2117 potuit
1221 2036 1281 2100 Ta·

144 2137 239 2214 citus,
277 2136 304 2199 si
334 2141 511 2219 respectum
541 2135 654 2201 habuit
677 2136 718 2200 ad
747 2137 903 2200 incuriam
931 2143 964 2200 et
985 2137 1162 2202 socordiam
1185 2159 1280 2222 expu-

145 2246 325 2320 gnatorum.

230 2340 344 2404 Annal.
366 2341 453 2418 XIV,
476 2340 558 2418 LIX,
585 2347 631 2404 ll.
665 2341 799 2420 ,Coram
824 2341 979 2423 Pelagone
1002 2341 1155 2424 spadone,
1187 2364 1281 2425 quem

143 2443 230 2507 Nero
253 2443 432 2505 centurioni
454 2447 487 2505 et
507 2443 684 2527 manipulo,
707 2444 797 2525 quasi
820 2443 1013 2508 satellitibus
1029 2444 1208 2509 ministrum
1232 2466 1282 2510 re-

146 2545 249 2626 gium,
272 2550 529 2627 praeposuerat“.

230 2647 339 2713 Simile
362 2669 433 2712 cum
454 2649 556 2713 ironia
577 2647 716 2731 quadam
739 2646 897 2711 adiectum
921 2653 979 2711 est.

228 2751 343 2816 Annal.
367 2751 434 2829 XV,
457 2751 620 2829 XXXVII,
643 2755 671 2814 2.
698 2750 803 2833 ,Ipee,
825 2771 887 2833 quo
909 2749 1004 2813 fidem
1026 2748 1210 2833 adquireret
1232 2752 1279 2815 ni·

143 2855 189 2920 hil
212 2875 346 2939 usquam
368 2853 499 2937 perinde
523 2854 641 2918 laetum
664 2855 740 2934 sibi,
775 2853 908 2937 publicis
928 2852 1006 2917 Iocis
1028 2856 1152 2916 struere
1173 2855 1278 2918 convi-

144 2959 211 3036 via,
233 2963 364 3040 totaque
386 2956 463 3021 urbe
487 2957 578 3039 quasi
600 2957 693 3021 domo
717 2956 794 3019 uti“.

230 3058 344 3123 Annal.
366 3060 433 3138 XV,
455 3059 586 3138 LXXII,
609 3068 638 3124 4.
674 3059 787 3139 „Tum,
816 3058 907 3141 quasi
931 3061 1021 3139 gesta
1049 3056 1132 3121 bello
1155 3059 1278 3141 exposi-

142 3171 249 3241 turus,
272 3170 362 3227 vocat
383 3167 530 3226 senatum
553 3168 585 3226 et
606 3159 800 3243 triumphale
822 3162 917 3224 decus
932 3158 1079 3224 Petronio
1091 3159 1278 3244 Turpiliano

141 3267 303 3331 consulari
324 3303 364 3327 -,-
388 3306 428 3315 -
451 3302 493 3312 -
517 3299 553 3311 -
578 3263 720 3328 tribuit“.

227 3369 391 3451 lugentem
421 3369 454 3431 in
484 3366 563 3431 urbe
591 3372 806 3450 perpetratam
829 3361 951 3428 cladem
975 3362 1131 3444 ,bellum“
1156 3385 1277 3442 vocare,

141 3471 283 3556 profecto
313 3491 470 3534 summum
500 3471 653 3534 audacIae
682 3467 844 3549 fastigium
875 3475 954 3531 erat.
999 3467 1059 3531 Sed
1089 3468 1207 3533 ironice
1230 3468 1276 3533 di-

140 3581 228 3640 ctum
249 3581 306 3638 cst.

225 3676 340 3744 Annal.
363 3675 448 3753 XVI,
472 3675 570 3752 XXV,
595 3679 623 3736 7.
664 3672 846 3756 „aspiceret
879 3671 1015 3756 populus
1046 3671 1146 3734 virum
1181 3671 1276 3735 morti

142 3779 284 3858 obvium,
307 3779 434 3843 audiret
457 3784 587 3841 senatus
610 3794 701 3838 voces
723 3776 815 3858 quasi
836 3796 877 3839 ex
899 3774 1007 3856 aliquo
1029 3772 1157 3837 numine
1179 3792 1276 3858 supra

139 3882 329 3947 humanas“.

225 3985 351 4066 Dialog.
373 3983 445 4059 XII,
469 3987 497 4045 9.
529 4001 591 4062 quo
620 3979 689 4044 loco
713 3979 861 4042 Halmius
888 3978 1036 4042 lacunam
1064 3975 1177 4040 statuit
1200 3982 1275 4040 ante

136 4088 403 4169 „sauguInantis“
418 4084 547 4167 ,quasi“
562 4084 611 4146 vel
623 4082 710 4146 aliud
727 4083 900 4164 quidquam
916 4082 1126 4163 interponere,
1149 4098 1276 4142 necesse

138 4210 201 4253 non
226 4189 360 4253 videtur.
406 4188 534 4263 Omnia,
571 4207 653 4267 quae
681 4185 825 4268 proxime
855 4182 1046 4247 contulimus
1067 4181 1213 4265 exempla
1241 4182 1276 4245 in

137 4313 176 4356 eo
198 4296 430 4368 convenerunt,
453 4289 537 4371 quod
560 4288 661 4350 simile
685 4286 847 4369 quoddam
870 4286 919 4351 vel
941 4287 1046 4368 imago
1068 4282 1114 4348 eis
1134 4284 1275 4347 contine·

1044 4403 1076 4456 2*
