<?xml version="1.0" encoding="UTF-8"?>
<!DOCTYPE html PUBLIC "-//W3C//DTD XHTML 1.0 Transitional//EN"
    "http://www.w3.org/TR/xhtml1/DTD/xhtml1-transitional.dtd">
<html xmlns="http://www.w3.org/1999/xhtml" xml:lang="en" lang="en">
 <head>
  <title>
</title>
<meta http-equiv="Content-Type" content="text/html;charset=utf-8" />
  <meta name='ocr-system' content='tesseract 3.04.00' />
  <meta name='ocr-capabilities' content='ocr_page ocr_carea ocr_par ocr_line ocrx_word'/>
</head>
<body>
  <div class='ocr_page' id='page_1' title='image "./departicularumq00hahngoog_0026.png"; bbox 0 0 2836 4814; ppageno 0'>
   <div class='ocr_carea' id='block_1_1' title="bbox 693 288 730 348">
    <p class='ocr_par' dir='ltr' id='par_1_1' title="bbox 693 288 730 348">
     <span class='ocr_line' id='line_1_1' title="bbox 693 288 730 348; baseline -0.027 0"><span class='ocrx_word' id='word_1_1' title='bbox 693 288 730 348; x_wconf 83' lang='lat'><strong>21</strong></span> 
     </span>
    </p>
   </div>
   <div class='ocr_carea' id='block_1_2' title="bbox 106 471 1283 4044">
    <p class='ocr_par' dir='ltr' id='par_1_2' title="bbox 106 471 1283 2501">
     <span class='ocr_line' id='line_1_2' title="bbox 144 471 1283 556; baseline 0 -18"><span class='ocrx_word' id='word_1_2' title='bbox 144 473 212 551; x_wconf 85' lang='lat' dir='ltr'><strong>hio,</strong></span> <span class='ocrx_word' id='word_1_3' title='bbox 233 493 328 555; x_wconf 90' lang='lat' dir='ltr'><strong>quem</strong></span> <span class='ocrx_word' id='word_1_4' title='bbox 351 471 503 549; x_wconf 58' lang='lat' dir='ltr'><strong>diximum</strong></span> <span class='ocrx_word' id='word_1_5' title='bbox 524 493 599 536; x_wconf 87' lang='lat' dir='ltr'><strong>usus</strong></span> <span class='ocrx_word' id='word_1_6' title='bbox 621 493 678 556; x_wconf 87' lang='lat' dir='ltr'><strong>per</strong></span> <span class='ocrx_word' id='word_1_7' title='bbox 700 477 786 539; x_wconf 89' lang='lat' dir='ltr'><strong>artes</strong></span> <span class='ocrx_word' id='word_1_8' title='bbox 809 472 1013 555; x_wconf 90' lang='lat' dir='ltr'><strong>speciosiores</strong></span> <span class='ocrx_word' id='word_1_9' title='bbox 1027 494 1123 555; x_wconf 87' lang='lat' dir='ltr'><strong>quam</strong></span> <span class='ocrx_word' id='word_1_10' title='bbox 1145 474 1283 540; x_wconf 88' lang='lat' dir='ltr'><strong>veriores</strong></span> 
     </span>
     <span class='ocr_line' id='line_1_3' title="bbox 145 573 1282 658; baseline -0.001 -17"><span class='ocrx_word' id='word_1_11' title='bbox 145 575 318 657; x_wconf 80' lang='lat' dir='ltr'><strong>indagatus</strong></span> <span class='ocrx_word' id='word_1_12' title='bbox 338 578 401 651; x_wconf 91' lang='lat' dir='ltr'><strong>est,</strong></span> <span class='ocrx_word' id='word_1_13' title='bbox 438 573 492 638; x_wconf 88' lang='lat' dir='ltr'><strong>sed</strong></span> <span class='ocrx_word' id='word_1_14' title='bbox 515 595 555 638; x_wconf 86' lang='lat' dir='ltr'><strong>ex</strong></span> <span class='ocrx_word' id='word_1_15' title='bbox 575 573 646 658; x_wconf 91' lang='lat' dir='ltr'><strong>ipsa</strong></span> <span class='ocrx_word' id='word_1_16' title='bbox 669 573 844 658; x_wconf 78' lang='lat' dir='ltr'>particulae</span> <span class='ocrx_word' id='word_1_17' title='bbox 867 576 896 640; x_wconf 90' lang='lat' dir='ltr'><strong>vi</strong></span> <span class='ocrx_word' id='word_1_18' title='bbox 920 581 952 640; x_wconf 89' lang='lat' dir='ltr'><strong>et</strong></span> <span class='ocrx_word' id='word_1_19' title='bbox 973 580 1091 641; x_wconf 91' lang='lat' dir='ltr'><strong>natura</strong></span> <span class='ocrx_word' id='word_1_20' title='bbox 1112 575 1282 641; x_wconf 82' lang='lat' dir='ltr'><strong>facile-de·</strong></span> 
     </span>
     <span class='ocr_line' id='line_1_4' title="bbox 147 676 1282 761; baseline -0.002 -18"><span class='ocrx_word' id='word_1_21' title='bbox 147 677 284 743; x_wconf 81' lang='lat' dir='ltr'><strong>ducitur.</strong></span> <span class='ocrx_word' id='word_1_22' title='bbox 329 676 410 741; x_wconf 88' lang='lat' dir='ltr'><strong>Nam</strong></span> <span class='ocrx_word' id='word_1_23' title='bbox 431 696 503 740; x_wconf 88' lang='lat' dir='ltr'><strong>oum</strong></span> <span class='ocrx_word' id='word_1_24' title='bbox 526 676 653 761; x_wconf 89' lang='lat' dir='ltr'><strong>saepius</strong></span> <span class='ocrx_word' id='word_1_25' title='bbox 674 677 844 760; x_wconf 83' lang='lat' dir='ltr'><strong>imaginem</strong></span> <span class='ocrx_word' id='word_1_26' title='bbox 867 678 1062 758; x_wconf 86' lang='lat' dir='ltr'><strong>introducat,</strong></span> <span class='ocrx_word' id='word_1_27' title='bbox 1092 697 1190 761; x_wconf 87' lang='lat' dir='ltr'><strong>quae,</strong></span> <span class='ocrx_word' id='word_1_28' title='bbox 1221 678 1282 744; x_wconf 91' lang='lat' dir='ltr'><strong>etsi</strong></span> 
     </span>
     <span class='ocr_line' id='line_1_5' title="bbox 147 778 1282 865; baseline -0.002 -21"><span class='ocrx_word' id='word_1_29' title='bbox 147 800 213 844; x_wconf 91' lang='lat' dir='ltr'><strong>non</strong></span> <span class='ocrx_word' id='word_1_30' title='bbox 234 778 327 864; x_wconf 87' lang='lat' dir='ltr'><strong>plane</strong></span> <span class='ocrx_word' id='word_1_31' title='bbox 349 779 509 861; x_wconf 82' lang='lat' dir='ltr'><strong>congruit,</strong></span> <span class='ocrx_word' id='word_1_32' title='bbox 532 784 639 845; x_wconf 86' lang='lat' dir='ltr'><strong>tamen</strong></span> <span class='ocrx_word' id='word_1_33' title='bbox 662 780 760 845; x_wconf 87' lang='lat' dir='ltr'><strong>etiam</strong></span> <span class='ocrx_word' id='word_1_34' title='bbox 782 800 845 844; x_wconf 92' lang='lat' dir='ltr'><strong>non</strong></span> <span class='ocrx_word' id='word_1_35' title='bbox 869 800 998 865; x_wconf 88' lang='lat' dir='ltr'><strong>prorsus</strong></span> <span class='ocrx_word' id='word_1_36' title='bbox 1020 780 1171 845; x_wconf 87' lang='lat' dir='ltr'><strong>abhorret</strong></span> <span class='ocrx_word' id='word_1_37' title='bbox 1192 798 1212 843; x_wconf 88' lang='lat' dir='ltr'><strong>a</strong></span> <span class='ocrx_word' id='word_1_38' title='bbox 1232 799 1282 842; x_wconf 91' lang='lat' dir='ltr'><strong>re-</strong></span> 
     </span>
     <span class='ocr_line' id='line_1_6' title="bbox 147 880 1282 968; baseline -0.001 -22"><span class='ocrx_word' id='word_1_39' title='bbox 147 903 217 946; x_wconf 90' lang='lat' dir='ltr'><strong>rum</strong></span> <span class='ocrx_word' id='word_1_40' title='bbox 241 881 389 960; x_wconf 88' lang='lat' dir='ltr'><strong>veritate,</strong></span> <span class='ocrx_word' id='word_1_41' title='bbox 425 881 481 946; x_wconf 91' lang='lat' dir='ltr'><strong>sed</strong></span> <span class='ocrx_word' id='word_1_42' title='bbox 504 882 663 947; x_wconf 88' lang='lat' dir='ltr'><strong>interdurn</strong></span> <span class='ocrx_word' id='word_1_43' title='bbox 693 881 754 946; x_wconf 87' lang='lat' dir='ltr'><strong>levi</strong></span> <span class='ocrx_word' id='word_1_44' title='bbox 785 883 886 948; x_wconf 91' lang='lat' dir='ltr'><strong>solum</strong></span> <span class='ocrx_word' id='word_1_45' title='bbox 910 881 1151 968; x_wconf 86' lang='lat' dir='ltr'><strong>significationis</strong></span> <span class='ocrx_word' id='word_1_46' title='bbox 1173 880 1282 946; x_wconf 88' lang='lat' dir='ltr'><strong>discri-</strong></span> 
     </span>
     <span class='ocr_line' id='line_1_7' title="bbox 147 982 1282 1069; baseline -0.004 -16"><span class='ocrx_word' id='word_1_47' title='bbox 147 985 230 1053; x_wconf 86' lang='lat' dir='ltr'><strong>mine</strong></span> <span class='ocrx_word' id='word_1_48' title='bbox 253 1005 272 1046; x_wconf 90' lang='lat' dir='ltr'><strong>a</strong></span> <span class='ocrx_word' id='word_1_49' title='bbox 295 1004 328 1048; x_wconf 90' lang='lat' dir='ltr'><strong>re</strong></span> <span class='ocrx_word' id='word_1_50' title='bbox 350 985 420 1068; x_wconf 90' lang='lat' dir='ltr'><strong>ipsa</strong></span> <span class='ocrx_word' id='word_1_51' title='bbox 441 984 483 1049; x_wconf 88' lang='lat' dir='ltr'><strong>ad</strong></span> <span class='ocrx_word' id='word_1_52' title='bbox 505 1005 601 1068; x_wconf 89' lang='lat' dir='ltr'><strong>quam</strong></span> <span class='ocrx_word' id='word_1_53' title='bbox 622 982 848 1050; x_wconf 83' lang='lat' dir='ltr'><strong>illustrandam</strong></span> <span class='ocrx_word' id='word_1_54' title='bbox 869 986 975 1069; x_wconf 91' lang='lat' dir='ltr'><strong>posita</strong></span> <span class='ocrx_word' id='word_1_55' title='bbox 996 991 1058 1065; x_wconf 90' lang='lat' dir='ltr'><strong>est,</strong></span> <span class='ocrx_word' id='word_1_56' title='bbox 1089 982 1209 1064; x_wconf 88' lang='lat' dir='ltr'><strong>differt,</strong></span> <span class='ocrx_word' id='word_1_57' title='bbox 1232 983 1247 1049; x_wconf 88' lang='lat' dir='ltr'><strong>f</strong></span> <span class='ocrx_word' id='word_1_58' title='bbox 1266 1019 1282 1032; x_wconf 94' lang='lat'><em>-</em></span> 
     </span>
     <span class='ocr_line' id='line_1_8' title="bbox 145 1085 1282 1172; baseline -0.001 -21"><span class='ocrx_word' id='word_1_59' title='bbox 145 1087 204 1151; x_wconf 89' lang='lat' dir='ltr'><strong>cile</strong></span> <span class='ocrx_word' id='word_1_60' title='bbox 239 1091 288 1151; x_wconf 90' lang='lat' dir='ltr'><strong>est</strong></span> <span class='ocrx_word' id='word_1_61' title='bbox 317 1086 496 1165; x_wconf 87' lang='lat' dir='ltr'><strong>intellectu,</strong></span> <span class='ocrx_word' id='word_1_62' title='bbox 534 1108 762 1170; x_wconf 88' lang='lat' dir='ltr'><strong>nonuunquam</strong></span> <span class='ocrx_word' id='word_1_63' title='bbox 795 1089 925 1172; x_wconf 86' lang='lat' dir='ltr'><strong>„quasi“</strong></span> <span class='ocrx_word' id='word_1_64' title='bbox 960 1109 1032 1153; x_wconf 91' lang='lat' dir='ltr'><strong>oum</strong></span> <span class='ocrx_word' id='word_1_65' title='bbox 1063 1092 1199 1172; x_wconf 85' lang='lat' dir='ltr'><strong>,prope“</strong></span> <span class='ocrx_word' id='word_1_66' title='bbox 1232 1085 1282 1150; x_wconf 91' lang='lat' dir='ltr'><strong>vel</strong></span> 
     </span>
     <span class='ocr_line' id='line_1_9' title="bbox 146 1187 1282 1272; baseline -0.001 -19"><span class='ocrx_word' id='word_1_67' title='bbox 146 1193 297 1272; x_wconf 87' lang='lat' dir='ltr'><strong>„paene“,</strong></span> <span class='ocrx_word' id='word_1_68' title='bbox 333 1187 401 1253; x_wconf 87' lang='lat' dir='ltr'><strong>sine</strong></span> <span class='ocrx_word' id='word_1_69' title='bbox 423 1188 490 1253; x_wconf 90' lang='lat' dir='ltr'><strong>ullo</strong></span> <span class='ocrx_word' id='word_1_70' title='bbox 520 1189 593 1254; x_wconf 91' lang='lat' dir='ltr'><strong>boni</strong></span> <span class='ocrx_word' id='word_1_71' title='bbox 623 1211 733 1254; x_wconf 90' lang='lat' dir='ltr'><strong>sensus</strong></span> <span class='ocrx_word' id='word_1_72' title='bbox 756 1190 946 1255; x_wconf 89' lang='lat' dir='ltr'><strong>detrimento</strong></span> <span class='ocrx_word' id='word_1_73' title='bbox 970 1191 1159 1254; x_wconf 87' lang='lat' dir='ltr'><strong>commutari</strong></span> <span class='ocrx_word' id='word_1_74' title='bbox 1179 1209 1282 1272; x_wconf 89' lang='lat' dir='ltr'><strong>posse.</strong></span> 
     </span>
     <span class='ocr_line' id='line_1_10' title="bbox 145 1289 1282 1375; baseline -0.004 -17"><span class='ocrx_word' id='word_1_75' title='bbox 145 1292 227 1358; x_wconf 82' lang='lat' dir='ltr'><strong>Vero</strong></span> <span class='ocrx_word' id='word_1_76' title='bbox 249 1289 348 1355; x_wconf 89' lang='lat' dir='ltr'><strong>etiam</strong></span> <span class='ocrx_word' id='word_1_77' title='bbox 377 1312 437 1357; x_wconf 89' lang='lat' dir='ltr'><strong>usu</strong></span> <span class='ocrx_word' id='word_1_78' title='bbox 465 1291 594 1374; x_wconf 82' lang='lat' dir='ltr'><strong>linguae</strong></span> <span class='ocrx_word' id='word_1_79' title='bbox 622 1291 743 1356; x_wconf 88' lang='lat' dir='ltr'><strong>latinae</strong></span> <span class='ocrx_word' id='word_1_80' title='bbox 773 1291 852 1358; x_wconf 87' lang='lat' dir='ltr'><strong>haec</strong></span> <span class='ocrx_word' id='word_1_81' title='bbox 873 1292 1081 1357; x_wconf 80' lang='lat' dir='ltr'><strong>commutatIo</strong></span> <span class='ocrx_word' id='word_1_82' title='bbox 1109 1290 1282 1375; x_wconf 87' lang='lat' dir='ltr'><strong>particula·</strong></span> 
     </span>
     <span class='ocr_line' id='line_1_11' title="bbox 144 1393 1281 1479; baseline -0.001 -21"><span class='ocrx_word' id='word_1_83' title='bbox 144 1415 216 1458; x_wconf 91' lang='lat' dir='ltr'><strong>rum</strong></span> <span class='ocrx_word' id='word_1_84' title='bbox 239 1393 390 1457; x_wconf 82' lang='lat' dir='ltr'><strong>similium</strong></span> <span class='ocrx_word' id='word_1_85' title='bbox 412 1399 529 1476; x_wconf 80' lang='lat' dir='ltr'><strong>negata</strong></span> <span class='ocrx_word' id='word_1_86' title='bbox 552 1416 615 1459; x_wconf 93' lang='lat' dir='ltr'><strong>uon</strong></span> <span class='ocrx_word' id='word_1_87' title='bbox 637 1395 735 1473; x_wconf 85' lang='lat' dir='ltr'><strong>est*).</strong></span> <span class='ocrx_word' id='word_1_88' title='bbox 780 1395 861 1459; x_wconf 90' lang='lat' dir='ltr'><strong>Nam</strong></span> <span class='ocrx_word' id='word_1_89' title='bbox 885 1396 956 1479; x_wconf 91' lang='lat' dir='ltr'><strong>quis</strong></span> <span class='ocrx_word' id='word_1_90' title='bbox 978 1395 1095 1472; x_wconf 85' lang='lat' dir='ltr'><strong>nescit,</strong></span> <span class='ocrx_word' id='word_1_91' title='bbox 1119 1401 1155 1458; x_wconf 90' lang='lat' dir='ltr'><strong>ut</strong></span> <span class='ocrx_word' id='word_1_92' title='bbox 1176 1413 1281 1458; x_wconf 88' lang='lat' dir='ltr'><strong>exem-</strong></span> 
     </span>
     <span class='ocr_line' id='line_1_12' title="bbox 143 1495 1282 1581; baseline 0.001 -23"><span class='ocrx_word' id='word_1_93' title='bbox 143 1496 206 1580; x_wconf 87' lang='lat' dir='ltr'><strong>plis</strong></span> <span class='ocrx_word' id='word_1_94' title='bbox 227 1501 310 1573; x_wconf 88' lang='lat' dir='ltr'><strong>utar,</strong></span> <span class='ocrx_word' id='word_1_95' title='bbox 349 1495 479 1574; x_wconf 84' lang='lat' dir='ltr'><strong>,facile“</strong></span> <span class='ocrx_word' id='word_1_96' title='bbox 503 1518 561 1581; x_wconf 88' lang='lat' dir='ltr'><strong>pro</strong></span> <span class='ocrx_word' id='word_1_97' title='bbox 586 1498 672 1578; x_wconf 88' lang='lat' dir='ltr'><strong>„sine</strong></span> <span class='ocrx_word' id='word_1_98' title='bbox 694 1496 820 1575; x_wconf 85' lang='lat' dir='ltr'><strong>dubio“,</strong></span> <span class='ocrx_word' id='word_1_99' title='bbox 860 1498 1003 1577; x_wconf 86' lang='lat' dir='ltr'><strong>,minus“</strong></span> <span class='ocrx_word' id='word_1_100' title='bbox 1034 1517 1092 1580; x_wconf 91' lang='lat' dir='ltr'><strong>pro</strong></span> <span class='ocrx_word' id='word_1_101' title='bbox 1117 1500 1282 1579; x_wconf 87' lang='lat' dir='ltr'><strong>,parum“,</strong></span> 
     </span>
     <span class='ocr_line' id='line_1_13' title="bbox 146 1597 1279 1682; baseline 0.004 -21"><span class='ocrx_word' id='word_1_102' title='bbox 146 1597 234 1662; x_wconf 93' lang='lat' dir='ltr'><strong>nullo</strong></span> <span class='ocrx_word' id='word_1_103' title='bbox 256 1618 366 1662; x_wconf 87' lang='lat' dir='ltr'><strong>sensus</strong></span> <span class='ocrx_word' id='word_1_104' title='bbox 388 1599 585 1679; x_wconf 86' lang='lat' dir='ltr'><strong>discrimine,</strong></span> <span class='ocrx_word' id='word_1_105' title='bbox 622 1601 682 1663; x_wconf 91' lang='lat' dir='ltr'><strong>nisi</strong></span> <span class='ocrx_word' id='word_1_106' title='bbox 709 1599 827 1663; x_wconf 90' lang='lat' dir='ltr'><strong>leviore</strong></span> <span class='ocrx_word' id='word_1_107' title='bbox 855 1598 990 1664; x_wconf 87' lang='lat' dir='ltr'><strong>fortasse</strong></span> <span class='ocrx_word' id='word_1_108' title='bbox 1013 1598 1045 1663; x_wconf 85' lang='lat' dir='ltr'><strong>vi</strong></span> <span class='ocrx_word' id='word_1_109' title='bbox 1073 1598 1178 1682; x_wconf 90' lang='lat' dir='ltr'><strong>posita</strong></span> <span class='ocrx_word' id='word_1_110' title='bbox 1200 1619 1279 1666; x_wconf 84' lang='lat' dir='ltr'><strong>esse.</strong></span> 
     </span>
     <span class='ocr_line' id='line_1_14' title="bbox 147 1699 1280 1785; baseline -0.003 -20"><span class='ocrx_word' id='word_1_111' title='bbox 147 1699 194 1765; x_wconf 88' lang='lat' dir='ltr'><strong>Cf.</strong></span> <span class='ocrx_word' id='word_1_112' title='bbox 218 1699 328 1776; x_wconf 75' lang='lat' dir='ltr'><strong>Cicer,</strong></span> <span class='ocrx_word' id='word_1_113' title='bbox 351 1700 391 1766; x_wconf 90' lang='lat' dir='ltr'><strong>de</strong></span> <span class='ocrx_word' id='word_1_114' title='bbox 412 1701 518 1766; x_wconf 85' lang='lat' dir='ltr'><strong>Divin.</strong></span> <span class='ocrx_word' id='word_1_115' title='bbox 542 1701 583 1780; x_wconf 89' lang='lat' dir='ltr'><strong>II,</strong></span> <span class='ocrx_word' id='word_1_116' title='bbox 606 1705 661 1781; x_wconf 78' lang='lat'><strong>42;</strong></span> <span class='ocrx_word' id='word_1_117' title='bbox 684 1701 791 1785; x_wconf 85' lang='lat' dir='ltr'><strong>Nepos</strong></span> <span class='ocrx_word' id='word_1_118' title='bbox 814 1701 987 1780; x_wconf 87' lang='lat' dir='ltr'><strong>V11,v.-</strong></span> <span class='ocrx_word' id='word_1_119' title='bbox 1010 1700 1158 1766; x_wconf 89' lang='lat' dir='ltr'><strong>Ceterum</strong></span> <span class='ocrx_word' id='word_1_120' title='bbox 1180 1700 1280 1778; x_wconf 91' lang='lat' dir='ltr'><strong>illam,</strong></span> 
     </span>
     <span class='ocr_line' id='line_1_15' title="bbox 147 1803 1281 1888; baseline 0 -22"><span class='ocrx_word' id='word_1_121' title='bbox 147 1824 243 1886; x_wconf 87' lang='lat' dir='ltr'><strong>quarn</strong></span> <span class='ocrx_word' id='word_1_122' title='bbox 265 1803 448 1884; x_wconf 79' lang='lat' dir='ltr'><strong>statuimus,</strong></span> <span class='ocrx_word' id='word_1_123' title='bbox 469 1804 648 1887; x_wconf 81' lang='lat' dir='ltr'><strong>particulae</strong></span> <span class='ocrx_word' id='word_1_124' title='bbox 670 1805 731 1868; x_wconf 90' lang='lat' dir='ltr'><strong>vim</strong></span> <span class='ocrx_word' id='word_1_125' title='bbox 755 1804 840 1888; x_wconf 90' lang='lat' dir='ltr'><strong>apud</strong></span> <span class='ocrx_word' id='word_1_126' title='bbox 862 1803 943 1868; x_wconf 87' lang='lat' dir='ltr'><strong>alios</strong></span> <span class='ocrx_word' id='word_1_127' title='bbox 963 1824 1089 1887; x_wconf 86' lang='lat' dir='ltr'><strong>quoque</strong></span> <span class='ocrx_word' id='word_1_128' title='bbox 1110 1803 1281 1887; x_wconf 90' lang='lat' dir='ltr'><strong>scriptores</strong></span> 
     </span>
     <span class='ocr_line' id='line_1_16' title="bbox 145 1905 1281 1990; baseline -0.001 -19"><span class='ocrx_word' id='word_1_129' title='bbox 145 1906 339 1971; x_wconf 87' lang='lat' dir='ltr'><strong>invenimus:</strong></span> <span class='ocrx_word' id='word_1_130' title='bbox 362 1906 472 1985; x_wconf 68' lang='lat' dir='ltr'><strong>Cicer,</strong></span> <span class='ocrx_word' id='word_1_131' title='bbox 490 1905 586 1970; x_wconf 83' lang='lat' dir='ltr'><strong>Acad.</strong></span> <span class='ocrx_word' id='word_1_132' title='bbox 601 1907 642 1984; x_wconf 88' lang='grc' dir='ltr'><strong>ΙΙ,</strong></span> <span class='ocrx_word' id='word_1_133' title='bbox 656 1911 704 1971; x_wconf 84' lang='lat'><strong>26.</strong></span> <span class='ocrx_word' id='word_1_134' title='bbox 731 1906 833 1988; x_wconf 83' lang='lat' dir='ltr'><strong>„Quid</strong></span> <span class='ocrx_word' id='word_1_135' title='bbox 854 1911 961 1990; x_wconf 86' lang='lat' dir='ltr'><strong>potest</strong></span> <span class='ocrx_word' id='word_1_136' title='bbox 983 1927 1050 1971; x_wconf 87' lang='lat' dir='ltr'><strong>esse</strong></span> <span class='ocrx_word' id='word_1_137' title='bbox 1072 1906 1138 1971; x_wconf 88' lang='lat' dir='ltr'><strong>sole</strong></span> <span class='ocrx_word' id='word_1_138' title='bbox 1160 1906 1281 1971; x_wconf 85' lang='lat' dir='ltr'><strong>maius?</strong></span> 
     </span>
     <span class='ocr_line' id='line_1_17' title="bbox 143 2008 1280 2093; baseline -0.002 -19"><span class='ocrx_word' id='word_1_139' title='bbox 143 2009 317 2093; x_wconf 91' lang='lat' dir='ltr'><strong>quantulus</strong></span> <span class='ocrx_word' id='word_1_140' title='bbox 340 2009 429 2075; x_wconf 90' lang='lat' dir='ltr'><strong>nobis</strong></span> <span class='ocrx_word' id='word_1_141' title='bbox 444 2008 591 2073; x_wconf 79' lang='lat' dir='ltr'><strong>videtur?</strong></span> <span class='ocrx_word' id='word_1_142' title='bbox 613 2008 691 2073; x_wconf 90' lang='lat' dir='ltr'><strong>mihi</strong></span> <span class='ocrx_word' id='word_1_143' title='bbox 707 2008 834 2093; x_wconf 91' lang='lat' dir='ltr'><strong>quidem</strong></span> <span class='ocrx_word' id='word_1_144' title='bbox 851 2010 941 2091; x_wconf 88' lang='lat' dir='ltr'><strong>quasi</strong></span> <span class='ocrx_word' id='word_1_145' title='bbox 960 2008 1118 2092; x_wconf 84' lang='lat' dir='ltr'><strong>pedalis“;</strong></span> <span class='ocrx_word' id='word_1_146' title='bbox 1140 2009 1280 2087; x_wconf 86' lang='lat' dir='ltr'><strong>Sallust„</strong></span> 
     </span>
     <span class='ocr_line' id='line_1_18' title="bbox 144 2109 1280 2195; baseline -0.002 -18"><span class='ocrx_word' id='word_1_147' title='bbox 144 2111 217 2177; x_wconf 89' lang='lat' dir='ltr'><strong>bell.</strong></span> <span class='ocrx_word' id='word_1_148' title='bbox 241 2113 309 2195; x_wconf 82' lang='lat' dir='ltr'><strong>lug.</strong></span> <span class='ocrx_word' id='word_1_149' title='bbox 333 2109 482 2177; x_wconf 87' lang='lat' dir='ltr'>XXVIII.</span> <span class='ocrx_word' id='word_1_150' title='bbox 530 2110 611 2189; x_wconf 86' lang='lat' dir='ltr'><strong>,Sed</strong></span> <span class='ocrx_word' id='word_1_151' title='bbox 634 2132 733 2176; x_wconf 87' lang='lat' dir='ltr'><strong>exeo</strong></span> <span class='ocrx_word' id='word_1_152' title='bbox 756 2111 860 2176; x_wconf 90' lang='lat' dir='ltr'><strong>medio</strong></span> <span class='ocrx_word' id='word_1_153' title='bbox 883 2111 975 2194; x_wconf 87' lang='lat' dir='ltr'><strong>quasi</strong></span> <span class='ocrx_word' id='word_1_154' title='bbox 997 2111 1087 2177; x_wconf 91' lang='lat' dir='ltr'><strong>collis</strong></span> <span class='ocrx_word' id='word_1_155' title='bbox 1109 2112 1280 2191; x_wconf 88' lang='lat' dir='ltr'><strong>oriebatur,</strong></span> 
     </span>
     <span class='ocr_line' id='line_1_19' title="bbox 145 2211 1278 2299; baseline 0 -22"><span class='ocrx_word' id='word_1_156' title='bbox 145 2215 177 2277; x_wconf 92' lang='lat' dir='ltr'><strong>in</strong></span> <span class='ocrx_word' id='word_1_157' title='bbox 200 2215 388 2279; x_wconf 87' lang='lat' dir='ltr'><strong>immensum</strong></span> <span class='ocrx_word' id='word_1_158' title='bbox 410 2211 594 2296; x_wconf 84' lang='lat' dir='ltr'><strong>pertinens“</strong></span> <span class='ocrx_word' id='word_1_159' title='bbox 618 2216 725 2298; x_wconf 86' lang='lat' dir='ltr'><strong>(quern</strong></span> <span class='ocrx_word' id='word_1_160' title='bbox 751 2214 792 2278; x_wconf 89' lang='lat' dir='ltr'><strong>ad</strong></span> <span class='ocrx_word' id='word_1_161' title='bbox 815 2214 918 2279; x_wconf 92' lang='lat' dir='ltr'><strong>looum</strong></span> <span class='ocrx_word' id='word_1_162' title='bbox 935 2213 1079 2279; x_wconf 82' lang='lat' dir='ltr'><strong>conteras</strong></span> <span class='ocrx_word' id='word_1_163' title='bbox 1095 2214 1278 2299; x_wconf 86' lang='lat' dir='ltr'><strong>Kritzium).</strong></span> 
     </span>
     <span class='ocr_line' id='line_1_20' title="bbox 106 2315 1279 2400; baseline -0.005 -14"><span class='ocrx_word' id='word_1_164' title='bbox 106 2393 109 2399; x_wconf 52' lang='grc'><strong>,</strong></span> <span class='ocrx_word' id='word_1_165' title='bbox 227 2317 320 2386; x_wconf 87' lang='lat' dir='ltr'><strong>Nono</strong></span> <span class='ocrx_word' id='word_1_166' title='bbox 341 2316 384 2385; x_wconf 89' lang='lat' dir='ltr'><strong>ad</strong></span> <span class='ocrx_word' id='word_1_167' title='bbox 405 2335 459 2380; x_wconf 83' lang='lat' dir='ltr'><strong>eos</strong></span> <span class='ocrx_word' id='word_1_168' title='bbox 480 2316 660 2398; x_wconf 85' lang='lat' dir='ltr'><strong>transgredi</strong></span> <span class='ocrx_word' id='word_1_169' title='bbox 691 2315 788 2381; x_wconf 84' lang='lat' dir='ltr'><strong>lineat</strong></span> <span class='ocrx_word' id='word_1_170' title='bbox 810 2318 913 2396; x_wconf 84' lang='lat' dir='ltr'><strong>locos,</strong></span> <span class='ocrx_word' id='word_1_171' title='bbox 950 2316 1065 2400; x_wconf 92' lang='lat' dir='ltr'><strong>quibus</strong></span> <span class='ocrx_word' id='word_1_172' title='bbox 1094 2338 1151 2400; x_wconf 88' lang='lat' dir='ltr'><strong>per</strong></span> <span class='ocrx_word' id='word_1_173' title='bbox 1180 2317 1279 2400; x_wconf 89' lang='lat' dir='ltr'><strong>parti-</strong></span> 
     </span>
     <span class='ocr_line' id='line_1_21' title="bbox 145 2417 1127 2501; baseline 0 -20"><span class='ocrx_word' id='word_1_174' title='bbox 145 2418 251 2482; x_wconf 87' lang='lat' dir='ltr'><strong>culam</strong></span> <span class='ocrx_word' id='word_1_175' title='bbox 276 2417 406 2500; x_wconf 83' lang='lat' dir='ltr'><strong>„quasi“</strong></span> <span class='ocrx_word' id='word_1_176' title='bbox 428 2417 603 2482; x_wconf 91' lang='lat' dir='ltr'><strong>similitudo</strong></span> <span class='ocrx_word' id='word_1_177' title='bbox 626 2419 784 2501; x_wconf 87' lang='lat' dir='ltr'><strong>quaedam</strong></span> <span class='ocrx_word' id='word_1_178' title='bbox 806 2417 882 2483; x_wconf 87' lang='lat' dir='ltr'><strong>fieta</strong></span> <span class='ocrx_word' id='word_1_179' title='bbox 904 2418 1127 2483; x_wconf 88' lang='lat' dir='ltr'><strong>introducitur.</strong></span> 
     </span>
    </p>

    <p class='ocr_par' dir='ltr' id='par_1_3' title="bbox 141 2519 1279 2911">
     <span class='ocr_line' id='line_1_22' title="bbox 231 2519 1279 2606; baseline 0.004 -24"><span class='ocrx_word' id='word_1_180' title='bbox 231 2519 352 2602; x_wconf 83' lang='lat' dir='ltr'><strong>Dialog.</strong></span> <span class='ocrx_word' id='word_1_181' title='bbox 377 2521 510 2600; x_wconf 84' lang='lat' dir='ltr'>XXXII,</span> <span class='ocrx_word' id='word_1_182' title='bbox 534 2527 584 2586; x_wconf 80' lang='lat'><strong>22.</strong></span> <span class='ocrx_word' id='word_1_183' title='bbox 608 2521 685 2602; x_wconf 63' lang='lat' dir='ltr'><strong>„Ut</strong></span> <span class='ocrx_word' id='word_1_184' title='bbox 714 2543 797 2606; x_wconf 90' lang='lat' dir='ltr'><strong>quae</strong></span> <span class='ocrx_word' id='word_1_185' title='bbox 821 2522 895 2586; x_wconf 89' lang='lat' dir='ltr'><strong>olim</strong></span> <span class='ocrx_word' id='word_1_186' title='bbox 919 2520 1058 2586; x_wconf 91' lang='lat' dir='ltr'><strong>omnium</strong></span> <span class='ocrx_word' id='word_1_187' title='bbox 1082 2520 1199 2587; x_wconf 89' lang='lat' dir='ltr'><strong>artium</strong></span> <span class='ocrx_word' id='word_1_188' title='bbox 1222 2520 1279 2586; x_wconf 92' lang='lat' dir='ltr'><strong>do-</strong></span> 
     </span>
     <span class='ocr_line' id='line_1_23' title="bbox 144 2620 1279 2708; baseline 0.003 -23"><span class='ocrx_word' id='word_1_189' title='bbox 144 2620 232 2685; x_wconf 85' lang='lat' dir='ltr'><strong>mina</strong></span> <span class='ocrx_word' id='word_1_190' title='bbox 253 2622 466 2706; x_wconf 89' lang='lat' dir='ltr'><strong>pulcherrimo</strong></span> <span class='ocrx_word' id='word_1_191' title='bbox 480 2624 632 2688; x_wconf 86' lang='lat' dir='ltr'><strong>comitatu</strong></span> <span class='ocrx_word' id='word_1_192' title='bbox 648 2631 778 2707; x_wconf 87' lang='lat' dir='ltr'><strong>pectora</strong></span> <span class='ocrx_word' id='word_1_193' title='bbox 797 2622 965 2708; x_wconf 86' lang='lat' dir='ltr'><strong>implebat,</strong></span> <span class='ocrx_word' id='word_1_194' title='bbox 988 2643 1073 2688; x_wconf 89' lang='lat' dir='ltr'><strong>nunc</strong></span> <span class='ocrx_word' id='word_1_195' title='bbox 1094 2622 1279 2688; x_wconf 86' lang='lat' dir='ltr'><strong>circumcisa</strong></span> 
     </span>
     <span class='ocr_line' id='line_1_24' title="bbox 142 2723 1278 2811; baseline 0.003 -23"><span class='ocrx_word' id='word_1_196' title='bbox 142 2728 176 2788; x_wconf 91' lang='lat' dir='ltr'><strong>et</strong></span> <span class='ocrx_word' id='word_1_197' title='bbox 197 2731 380 2808; x_wconf 89' lang='lat' dir='ltr'><strong>amputata,</strong></span> <span class='ocrx_word' id='word_1_198' title='bbox 404 2727 471 2791; x_wconf 90' lang='lat' dir='ltr'><strong>sine</strong></span> <span class='ocrx_word' id='word_1_199' title='bbox 493 2733 666 2811; x_wconf 87' lang='lat' dir='ltr'><strong>apparatu,</strong></span> <span class='ocrx_word' id='word_1_200' title='bbox 690 2727 756 2791; x_wconf 89' lang='lat' dir='ltr'><strong>sine</strong></span> <span class='ocrx_word' id='word_1_201' title='bbox 779 2726 912 2804; x_wconf 89' lang='lat' dir='ltr'><strong>honore,</strong></span> <span class='ocrx_word' id='word_1_202' title='bbox 935 2746 1037 2809; x_wconf 89' lang='lat' dir='ltr'><strong>paene</strong></span> <span class='ocrx_word' id='word_1_203' title='bbox 1052 2723 1188 2790; x_wconf 82' lang='lat' dir='ltr'><strong>dixerim</strong></span> <span class='ocrx_word' id='word_1_204' title='bbox 1210 2725 1278 2793; x_wconf 88' lang='lat' dir='ltr'><strong>sine</strong></span> 
     </span>
     <span class='ocr_line' id='line_1_25' title="bbox 141 2825 1223 2911; baseline 0.002 -21"><span class='ocrx_word' id='word_1_205' title='bbox 141 2825 354 2909; x_wconf 82' lang='lat' dir='ltr'><strong>ingenuitate,</strong></span> <span class='ocrx_word' id='word_1_206' title='bbox 377 2831 469 2911; x_wconf 90' lang='lat' dir='ltr'><strong>quasi</strong></span> <span class='ocrx_word' id='word_1_207' title='bbox 491 2851 557 2894; x_wconf 89' lang='lat' dir='ltr'><strong>una</strong></span> <span class='ocrx_word' id='word_1_208' title='bbox 579 2851 618 2893; x_wconf 86' lang='lat' dir='ltr'><strong>ex</strong></span> <span class='ocrx_word' id='word_1_209' title='bbox 640 2828 866 2894; x_wconf 89' lang='lat' dir='ltr'><strong>sordidissimis</strong></span> <span class='ocrx_word' id='word_1_210' title='bbox 887 2827 1030 2893; x_wconf 87' lang='lat' dir='ltr'><strong>artificiis</strong></span> <span class='ocrx_word' id='word_1_211' title='bbox 1053 2827 1223 2892; x_wconf 62' lang='lat' dir='ltr'><strong>discatur.</strong></span> 
     </span>
    </p>

    <p class='ocr_par' dir='ltr' id='par_1_4' title="bbox 141 2928 1278 3303">
     <span class='ocr_line' id='line_1_26' title="bbox 227 2928 1278 3015; baseline 0.003 -22"><span class='ocrx_word' id='word_1_212' title='bbox 227 2928 439 3014; x_wconf 82' lang='lat' dir='ltr'><strong>Conspicuum</strong></span> <span class='ocrx_word' id='word_1_213' title='bbox 461 2937 523 3009; x_wconf 92' lang='lat' dir='ltr'><strong>est,</strong></span> <span class='ocrx_word' id='word_1_214' title='bbox 556 2931 727 2996; x_wconf 86' lang='lat' dir='ltr'><strong>Messalam</strong></span> <span class='ocrx_word' id='word_1_215' title='bbox 750 2930 966 3015; x_wconf 88' lang='lat' dir='ltr'><strong>eloquentiam</strong></span> <span class='ocrx_word' id='word_1_216' title='bbox 991 2951 1054 2996; x_wconf 88' lang='lat' dir='ltr'><strong>uon</strong></span> <span class='ocrx_word' id='word_1_217' title='bbox 1077 2951 1112 2994; x_wconf 93' lang='lat' dir='ltr'><strong>re</strong></span> <span class='ocrx_word' id='word_1_218' title='bbox 1132 2952 1208 2996; x_wconf 92' lang='lat' dir='ltr'><strong>vera</strong></span> <span class='ocrx_word' id='word_1_219' title='bbox 1229 2932 1278 2996; x_wconf 92' lang='lat' dir='ltr'><strong>in-</strong></span> 
     </span>
     <span class='ocr_line' id='line_1_27' title="bbox 142 3030 1278 3116; baseline 0.005 -24"><span class='ocrx_word' id='word_1_220' title='bbox 142 3033 192 3093; x_wconf 87' lang='lat' dir='ltr'><strong>ter</strong></span> <span class='ocrx_word' id='word_1_221' title='bbox 214 3030 430 3097; x_wconf 86' lang='lat' dir='ltr'><strong>sordidissima</strong></span> <span class='ocrx_word' id='word_1_222' title='bbox 452 3035 589 3099; x_wconf 86' lang='lat' dir='ltr'><strong>artificia</strong></span> <span class='ocrx_word' id='word_1_223' title='bbox 611 3054 800 3113; x_wconf 89' lang='lat' dir='ltr'><strong>numerare,</strong></span> <span class='ocrx_word' id='word_1_224' title='bbox 822 3033 879 3100; x_wconf 90' lang='lat' dir='ltr'><strong>sed</strong></span> <span class='ocrx_word' id='word_1_225' title='bbox 901 3034 1042 3116; x_wconf 86' lang='lat' dir='ltr'><strong>„species</strong></span> <span class='ocrx_word' id='word_1_226' title='bbox 1063 3034 1164 3100; x_wconf 92' lang='lat' dir='ltr'><strong>solum</strong></span> <span class='ocrx_word' id='word_1_227' title='bbox 1186 3033 1278 3114; x_wconf 88' lang='lat' dir='ltr'><strong>falsa,</strong></span> 
     </span>
     <span class='ocr_line' id='line_1_28' title="bbox 141 3131 1276 3219; baseline 0.005 -23"><span class='ocrx_word' id='word_1_228' title='bbox 141 3131 260 3215; x_wconf 88' lang='lat' dir='ltr'><strong>inquit,</strong></span> <span class='ocrx_word' id='word_1_229' title='bbox 297 3154 393 3216; x_wconf 91' lang='lat' dir='ltr'><strong>quam</strong></span> <span class='ocrx_word' id='word_1_230' title='bbox 420 3135 553 3219; x_wconf 89' lang='lat' dir='ltr'><strong>praebet</strong></span> <span class='ocrx_word' id='word_1_231' title='bbox 574 3157 612 3200; x_wconf 88' lang='lat' dir='ltr'><strong>ea</strong></span> <span class='ocrx_word' id='word_1_232' title='bbox 634 3143 699 3216; x_wconf 90' lang='lat' dir='ltr'><strong>est,</strong></span> <span class='ocrx_word' id='word_1_233' title='bbox 735 3142 771 3200; x_wconf 92' lang='lat' dir='ltr'><strong>ut</strong></span> <span class='ocrx_word' id='word_1_234' title='bbox 792 3135 958 3201; x_wconf 87' lang='lat' dir='ltr'><strong>credamus</strong></span> <span class='ocrx_word' id='word_1_235' title='bbox 979 3135 1046 3200; x_wconf 85' lang='lat' dir='ltr'><strong>fere</strong></span> <span class='ocrx_word' id='word_1_236' title='bbox 1070 3136 1276 3202; x_wconf 89' lang='lat' dir='ltr'><strong>sordidiorem</strong></span> 
     </span>
     <span class='ocr_line' id='line_1_29' title="bbox 141 3243 456 3303; baseline 0.006 -4"><span class='ocrx_word' id='word_1_237' title='bbox 141 3255 211 3301; x_wconf 86' lang='lat' dir='ltr'><strong>eam</strong></span> <span class='ocrx_word' id='word_1_238' title='bbox 233 3255 300 3300; x_wconf 89' lang='lat' dir='ltr'><strong>esse</strong></span> <span class='ocrx_word' id='word_1_239' title='bbox 323 3243 456 3303; x_wconf 84' lang='lat' dir='ltr'><strong>artem“.</strong></span> 
     </span>
    </p>

    <p class='ocr_par' dir='ltr' id='par_1_5' title="bbox 140 3336 1277 3626">
     <span class='ocr_line' id='line_1_30' title="bbox 195 3336 1277 3424; baseline 0.004 -23"><span class='ocrx_word' id='word_1_240' title='bbox 195 3375 198 3380; x_wconf 93' lang='lat'>·</span> <span class='ocrx_word' id='word_1_241' title='bbox 226 3336 330 3403; x_wconf 86' lang='lat' dir='ltr'><strong>Germ.</strong></span> <span class='ocrx_word' id='word_1_242' title='bbox 355 3341 425 3419; x_wconf 92' lang='lat' dir='ltr'><strong>Vll,</strong></span> <span class='ocrx_word' id='word_1_243' title='bbox 451 3345 479 3404; x_wconf 88' lang='lat'><strong>6.</strong></span> <span class='ocrx_word' id='word_1_244' title='bbox 512 3341 581 3421; x_wconf 86' lang='lat' dir='ltr'><strong>„Ne</strong></span> <span class='ocrx_word' id='word_1_245' title='bbox 604 3342 775 3407; x_wconf 86' lang='lat' dir='ltr'><strong>verberare</strong></span> <span class='ocrx_word' id='word_1_246' title='bbox 806 3340 934 3424; x_wconf 90' lang='lat' dir='ltr'><strong>quidem</strong></span> <span class='ocrx_word' id='word_1_247' title='bbox 968 3341 1028 3406; x_wconf 88' lang='lat' dir='ltr'><strong>nisi</strong></span> <span class='ocrx_word' id='word_1_248' title='bbox 1059 3339 1277 3405; x_wconf 87' lang='lat' dir='ltr'><strong>sacerdotibus</strong></span> 
     </span>
     <span class='ocr_line' id='line_1_31' title="bbox 140 3441 1276 3528; baseline 0.005 -25"><span class='ocrx_word' id='word_1_249' title='bbox 140 3441 344 3522; x_wconf 87' lang='lat' dir='ltr'><strong>permissum,</strong></span> <span class='ocrx_word' id='word_1_250' title='bbox 374 3465 438 3509; x_wconf 91' lang='lat' dir='ltr'><strong>non</strong></span> <span class='ocrx_word' id='word_1_251' title='bbox 461 3446 553 3528; x_wconf 88' lang='lat' dir='ltr'><strong>quasi</strong></span> <span class='ocrx_word' id='word_1_252' title='bbox 575 3445 608 3509; x_wconf 90' lang='lat' dir='ltr'><strong>in</strong></span> <span class='ocrx_word' id='word_1_253' title='bbox 629 3464 763 3528; x_wconf 88' lang='lat' dir='ltr'><strong>poenam</strong></span> <span class='ocrx_word' id='word_1_254' title='bbox 787 3464 846 3508; x_wconf 90' lang='lat' dir='ltr'><strong>neo</strong></span> <span class='ocrx_word' id='word_1_255' title='bbox 867 3444 956 3509; x_wconf 90' lang='lat' dir='ltr'><strong>ducis</strong></span> <span class='ocrx_word' id='word_1_256' title='bbox 978 3445 1081 3524; x_wconf 90' lang='lat' dir='ltr'><strong>iussu,</strong></span> <span class='ocrx_word' id='word_1_257' title='bbox 1112 3443 1167 3508; x_wconf 90' lang='lat' dir='ltr'><strong>sed</strong></span> <span class='ocrx_word' id='word_1_258' title='bbox 1190 3443 1276 3509; x_wconf 89' lang='lat' dir='ltr'><strong>velut</strong></span> 
     </span>
     <span class='ocr_line' id='line_1_32' title="bbox 143 3539 431 3626; baseline 0.024 -22"><span class='ocrx_word' id='word_1_259' title='bbox 143 3539 203 3605; x_wconf 89' lang='lat' dir='ltr'><strong>deo</strong></span> <span class='ocrx_word' id='word_1_260' title='bbox 225 3541 431 3626; x_wconf 85' lang='lat' dir='ltr'><strong>imperante“.</strong></span> 
     </span>
    </p>

    <p class='ocr_par' dir='ltr' id='par_1_6' title="bbox 138 3644 1277 4044">
     <span class='ocr_line' id='line_1_33' title="bbox 224 3644 1277 3717; baseline 0.005 -10"><span class='ocrx_word' id='word_1_261' title='bbox 224 3644 351 3711; x_wconf 87' lang='lat' dir='ltr'><strong>Tacitus</strong></span> <span class='ocrx_word' id='word_1_262' title='bbox 373 3649 604 3714; x_wconf 83' lang='lat' dir='ltr'><strong>verecundatus</strong></span> <span class='ocrx_word' id='word_1_263' title='bbox 624 3655 673 3714; x_wconf 91' lang='lat' dir='ltr'><strong>est</strong></span> <span class='ocrx_word' id='word_1_264' title='bbox 688 3649 938 3716; x_wconf 87' lang='lat' dir='ltr'><strong>verberationem</strong></span> <span class='ocrx_word' id='word_1_265' title='bbox 961 3649 1037 3717; x_wconf 87' lang='lat' dir='ltr'><strong>solis</strong></span> <span class='ocrx_word' id='word_1_266' title='bbox 1059 3648 1277 3714; x_wconf 86' lang='lat' dir='ltr'><strong>sacerdotibus</strong></span> 
     </span>
     <span class='ocr_line' id='line_1_34' title="bbox 139 3746 1275 3836; baseline 0.005 -26"><span class='ocrx_word' id='word_1_267' title='bbox 139 3746 341 3828; x_wconf 83' lang='lat' dir='ltr'><strong>permissam,</strong></span> <span class='ocrx_word' id='word_1_268' title='bbox 378 3771 473 3833; x_wconf 88' lang='lat' dir='ltr'><strong>quam</strong></span> <span class='ocrx_word' id='word_1_269' title='bbox 507 3772 608 3834; x_wconf 89' lang='lat' dir='ltr'><strong>neque</strong></span> <span class='ocrx_word' id='word_1_270' title='bbox 630 3758 668 3817; x_wconf 94' lang='lat' dir='ltr'><strong>ut</strong></span> <span class='ocrx_word' id='word_1_271' title='bbox 689 3753 748 3816; x_wconf 92' lang='lat' dir='ltr'><strong>sibi</strong></span> <span class='ocrx_word' id='word_1_272' title='bbox 770 3759 827 3816; x_wconf 90' lang='lat' dir='ltr'><strong>aut</strong></span> <span class='ocrx_word' id='word_1_273' title='bbox 854 3751 948 3816; x_wconf 90' lang='lat' dir='ltr'><strong>laesis</strong></span> <span class='ocrx_word' id='word_1_274' title='bbox 969 3752 1091 3834; x_wconf 77' lang='lat' dir='ltr'><strong>legibus</strong></span> <span class='ocrx_word' id='word_1_275' title='bbox 1106 3754 1163 3834; x_wconf 82' lang='grc'>**),</span> <span class='ocrx_word' id='word_1_276' title='bbox 1196 3773 1275 3836; x_wconf 86' lang='lat' dir='ltr'><strong>quas</strong></span> 
     </span>
     <span class='ocr_line' id='line_1_35' title="bbox 139 3847 1277 3941; baseline 0.007 -29"><span class='ocrx_word' id='word_1_277' title='bbox 139 3847 314 3931; x_wconf 88' lang='lat' dir='ltr'><strong>dedissent,</strong></span> <span class='ocrx_word' id='word_1_278' title='bbox 344 3853 495 3917; x_wconf 89' lang='lat' dir='ltr'><strong>ultionem</strong></span> <span class='ocrx_word' id='word_1_279' title='bbox 522 3861 675 3939; x_wconf 87' lang='lat' dir='ltr'><strong>pararent</strong></span> <span class='ocrx_word' id='word_1_280' title='bbox 698 3875 801 3937; x_wconf 89' lang='lat' dir='ltr'><strong>neque</strong></span> <span class='ocrx_word' id='word_1_281' title='bbox 830 3860 866 3920; x_wconf 91' lang='lat' dir='ltr'><strong>ut</strong></span> <span class='ocrx_word' id='word_1_282' title='bbox 894 3856 983 3920; x_wconf 88' lang='lat' dir='ltr'><strong>ducis</strong></span> <span class='ocrx_word' id='word_1_283' title='bbox 1003 3857 1097 3921; x_wconf 84' lang='lat' dir='ltr'><strong>iussis</strong></span> <span class='ocrx_word' id='word_1_284' title='bbox 1126 3862 1277 3941; x_wconf 87' lang='lat' dir='ltr'><strong>parerent</strong></span> 
     </span>
     <span class='ocr_line' id='line_1_36' title="bbox 138 3954 1275 4044; baseline 0.007 -28"><span class='ocrx_word' id='word_1_285' title='bbox 138 3954 193 4019; x_wconf 87' lang='lat' dir='ltr'><strong>sed</strong></span> <span class='ocrx_word' id='word_1_286' title='bbox 218 3955 324 4033; x_wconf 90' lang='lat' dir='ltr'><strong>„velut</strong></span> <span class='ocrx_word' id='word_1_287' title='bbox 347 3957 406 4020; x_wconf 89' lang='lat' dir='ltr'><strong>deo</strong></span> <span class='ocrx_word' id='word_1_288' title='bbox 429 3957 636 4041; x_wconf 84' lang='lat' dir='ltr'><strong>imperante“‚</strong></span> <span class='ocrx_word' id='word_1_289' title='bbox 660 3965 871 4023; x_wconf 84' lang='lat' dir='ltr'><strong>exercuerunt</strong></span> <span class='ocrx_word' id='word_1_290' title='bbox 885 3959 971 4024; x_wconf 92' lang='lat' dir='ltr'><strong>nudo</strong></span> <span class='ocrx_word' id='word_1_291' title='bbox 986 3979 1108 4044; x_wconf 85' lang='lat' dir='ltr'><strong>poenae</strong></span> <span class='ocrx_word' id='word_1_292' title='bbox 1122 3958 1275 4025; x_wconf 89' lang='lat' dir='ltr'><strong>vocabulo</strong></span> 
     </span>
    </p>
   </div>
   <div class='ocr_carea' id='block_1_3' title="bbox 172 4212 800 4371">
    <p class='ocr_par' dir='ltr' id='par_1_7' title="bbox 172 4212 800 4371">
     <span class='ocr_line' id='line_1_37' title="bbox 190 4212 749 4283; baseline -0.009 -14"><span class='ocrx_word' id='word_1_293' title='bbox 190 4213 217 4279; x_wconf 84' lang='grc'><strong>*)</strong></span> <span class='ocrx_word' id='word_1_294' title='bbox 236 4214 276 4268; x_wconf 82' lang='lat' dir='ltr'><strong>cf.</strong></span> <span class='ocrx_word' id='word_1_295' title='bbox 296 4213 460 4280; x_wconf 86' lang='lat' dir='ltr'><strong>Ramshorn,</strong></span> <span class='ocrx_word' id='word_1_296' title='bbox 479 4213 527 4270; x_wconf 83' lang='lat' dir='ltr'><strong>lat.</strong></span> <span class='ocrx_word' id='word_1_297' title='bbox 546 4213 591 4266; x_wconf 87' lang='lat' dir='ltr'><strong>Gr.</strong></span> <span class='ocrx_word' id='word_1_298' title='bbox 610 4212 625 4283; x_wconf 64' lang='grc' dir='ltr'><strong>ξ</strong></span> <span class='ocrx_word' id='word_1_299' title='bbox 644 4215 704 4279; x_wconf 86' lang='grc'><strong>203,</strong></span> <span class='ocrx_word' id='word_1_300' title='bbox 726 4217 749 4268; x_wconf 81' lang='lat'><strong>1.</strong></span> 
     </span>
     <span class='ocr_line' id='line_1_38' title="bbox 172 4300 800 4371; baseline -0.011 -13"><span class='ocrx_word' id='word_1_301' title='bbox 172 4301 214 4370; x_wconf 73' lang='grc'><strong>**)</strong></span> <span class='ocrx_word' id='word_1_302' title='bbox 236 4302 275 4356; x_wconf 82' lang='lat' dir='ltr'><strong>CI.</strong></span> <span class='ocrx_word' id='word_1_303' title='bbox 294 4301 457 4369; x_wconf 82' lang='lat' dir='ltr'><strong>Ddderlein,</strong></span> <span class='ocrx_word' id='word_1_304' title='bbox 476 4302 522 4356; x_wconf 86' lang='lat' dir='ltr'><strong>lat.</strong></span> <span class='ocrx_word' id='word_1_305' title='bbox 540 4301 602 4370; x_wconf 82' lang='lat' dir='ltr'><strong>Syn.</strong></span> <span class='ocrx_word' id='word_1_306' title='bbox 621 4300 653 4368; x_wconf 87' lang='lat' dir='ltr'><strong>V,</strong></span> <span class='ocrx_word' id='word_1_307' title='bbox 673 4318 720 4371; x_wconf 87' lang='lat' dir='ltr'><strong>pg.</strong></span> <span class='ocrx_word' id='word_1_308' title='bbox 740 4303 800 4355; x_wconf 82' lang='lat'><strong>250.</strong></span> 
     </span>
    </p>
   </div>
   <div class='ocr_carea' id='block_1_4' title="bbox 0 0 1422 4814">
    <p class='ocr_par' dir='ltr' id='par_1_8' title="bbox 0 0 1422 4814">
     <span class='ocr_line' id='line_1_39' title="bbox 0 0 1422 4814; baseline 0 2"><span class='ocrx_word' id='word_1_309' title='bbox 0 0 1422 4814; x_wconf 95' lang='lat' dir='ltr'><strong> </strong></span> 
     </span>
    </p>
   </div>
  </div>
 </body>
</html>
