2836 4814
684 296 722 356 61

139 503 208 549 sum
229 482 270 547 iri
291 485 418 548 tantum
446 479 521 545 ullis
551 477 734 543 mortalium
763 480 943 547 securitatis
975 481 1071 550 fuisse
1092 483 1125 548 in
1147 482 1275 551 civitate

139 585 281 650 omnium
302 603 403 667 gnara
424 587 457 646 et
484 580 565 645 nihil
597 581 767 660 reticente,
804 581 922 649 nedum
943 585 1103 653 consulem
1131 586 1274 671 designa·

138 692 208 753 tum
229 707 301 751 cum
323 705 421 751 uxore
443 682 610 768 principis,
645 682 810 766 praedicta
838 684 905 765 die,
942 686 1108 768 adhibitis,
1145 691 1200 773 qui
1222 691 1274 757 ob·

140 789 315 872 signarent,
348 787 434 852 velut
455 783 726 868 suscipiendorum
748 784 921 853 liberorum
942 775 1041 854 causa
1061 792 1274 866 convenisse“.

224 890 303 956 Cum
329 889 509 954 Wdlfleinio
541 885 678 952 arbitror
710 885 951 971 Nipperdeium,
984 893 1039 976 qui
1071 895 1199 975 „velut“
1221 918 1274 963 ex-

139 993 236 1077 pulit,
256 1014 321 1058 non
343 998 429 1058 recte
444 991 529 1055 hunc
550 989 653 1055 locum
675 988 879 1105 intehexisse.
924 992 995 1062 Non
1016 994 1146 1064 ludibrii
1167 1016 1274 1082 causa,

139 1096 192 1161 sed
216 1102 251 1161 ut
272 1116 382 1160 verum
403 1091 640 1158 matrimonium
663 1091 795 1174 inirent,
818 1098 917 1160 testes
938 1096 1160 1167 adhibuerunt.

224 1198 361 1263 Graece:
385 1191 431 1274 ὥς
452 1189 500 1273 εἰς
520 1191 656 1279 riarium.
1147 1186 1149 1191 ’

225 1299 372 1365 Ceterum
395 1297 524 1383 Niperd.
547 1297 579 1361 in
610 1295 749 1361 editione
772 1296 821 1361 Ill
850 1298 1042 1382 particulam
1071 1304 1197 1383 „velut“
1225 1326 1274 1372 η.

138 1401 244 1466 stituit
258 1401 478 1485 Wdlfleinique
501 1398 691 1464 sententiam
706 1398 853 1482 probavit
867 1398 985 1466 verbis:
1007 1403 1113 1483 „velut
1134 1405 1274 1474 bezeich·
1329 1465 1331 1469 ,

140 1507 194 1567 net
215 1502 298 1569 bloss
326 1504 387 1569 den
416 1500 581 1580 anschein,
617 1500 707 1566 nieht
736 1501 809 1566 dass
829 1501 932 1567 dieser
961 1504 1011 1568 ein
1040 1504 1178 1574 falscher
1199 1531 1273 1589 war,

139 1605 182 1671 da
203 1605 253 1670 die
276 1605 402 1671 heirath
423 1604 613 1686 heinesuege
635 1603 706 1667 cine
728 1602 963 1696 scheinheirath
985 1607 1051 1672 sein
1073 1608 1195 1677 sollte“.

225 1707 340 1773 Annal.
363 1707 431 1785 XV,
453 1705 546 1783 LIII,
572 1707 619 1768 12.
653 1703 796 1781 „Primae
825 1705 885 1770 sihi
913 1713 1021 1791 partes
1052 1713 1274 1796 expostulante

140 1809 301 1890 Scaevino,
323 1810 378 1894 qui
399 1808 567 1893 pugionem
589 1807 708 1890 templo
723 1806 852 1886 Salutis,
874 1807 948 1889 sive,
970 1816 1007 1876 ut
1027 1811 1081 1877 alii
1103 1814 1274 1907 tradidere,

140 1913 299 1978 Fortunae
321 1912 491 1976 Ferentino
522 1911 557 1976 in
589 1908 704 1993 oppido
734 1909 918 1976 detraxerat
949 1914 1157 1999 gestabatque
1187 1916 1275 1983 velut

140 2036 253 2099 magno
276 2015 365 2099 operi
386 2017 540 2078 sacrum“.

225 2119 272 2183 Ad
302 2139 395 2202 quem
428 2115 532 2181 locum
554 2113 752 2180 Wdlfleinius
784 2114 967 2182 adnotavit:
1005 2139 1113 2199 „avenn
1147 2141 1181 2187 es
1211 2143 1272 2188 von

139 2220 211 2285 dem
232 2219 487 2284 verschworenen
509 2217 680 2283 Scaevinus
701 2217 816 2296 heisst,
836 2219 1006 2301 pugionem
1027 2259 1069 2270 -
1083 2261 1125 2271 -
1139 2261 1181 2271 -
1202 2229 1273 2307 etc,

139 2343 173 2388 so
198 2320 259 2386 will
288 2322 343 2387 ihn
366 2320 510 2399 Tacitus,
545 2321 603 2384 wie
625 2319 680 2382 wir
708 2317 764 2383 ihn
785 2319 942 2406 (Tacitus)
964 2321 1045 2388 oben
1071 2324 1175 2391 haben
1197 2325 1273 2392 hen·

140 2446 201 2490 nen
223 2424 332 2489 lernen
356 2429 420 2507 (pg.
441 2426 500 2486 116
523 2421 604 2488 Phil.
626 2420 762 2500 XXIV),
784 2422 968 2490 schuerlieh
989 2426 1100 2493 tadeln
1121 2428 1199 2496 oder
1219 2429 1274 2496 wi.

139 2527 301 2610 derlegen,
331 2525 466 2592 sondern
488 2523 689 2608 blessaga,
711 2523 768 2588 der
790 2528 897 2606 triger
919 2524 1000 2592 habe
1023 2527 1085 2594 den
1106 2529 1200 2597 dolcb
1221 2531 1274 2598 fiir

139 2629 273 2710 geweiht
293 2627 487 2711 angesehen,
524 2625 607 2691 ohne
628 2625 702 2692 dass
725 2646 760 2691 er
791 2625 859 2692 sich
881 2627 979 2694 selbst
999 2629 1034 2696 iu
1054 2631 1106 2699 die
1126 2633 1273 2720 religibse

139 2733 240 2815 Frage
261 2728 457 2796 einmisoht“.

225 2833 337 2898 Annal.
353 2833 437 2912 XVI,
459 2833 501 2913 Il,
517 2837 544 2897 3.
568 2831 690 2915 „Igitur
711 2831 807 2910 Nero,
831 2853 892 2897 non
915 2834 1066 2915 auctoris,
1088 2856 1151 2901 non
1172 2837 1273 2922 ipsine

140 2935 203 3000 fide
226 2935 304 3000 satis
324 2939 467 3018 spectata
496 2955 554 3001 nec
580 2934 684 3000 missis
713 2953 771 3018 per
793 2953 872 3019 quos
894 2942 1037 3003 nosceret
1056 2958 1098 3004 an
1120 2960 1196 3006 vera
1216 2942 1273 3008 ad·

141 3038 309 3114 ferrentur,
344 3042 439 3118 auget
468 3036 550 3103 altro
579 3057 737 3104 rumorem
759 3037 921 3122 mittitque
942 3039 999 3123 qui
1018 3040 1105 3107 velut
1124 3048 1272 3128 paratam

139 3139 291 3225 praedam
313 3138 532 3204 adveherent“.

225 3240 281 3306 Sin
302 3260 472 3324 sequamur
494 3242 656 3327 scriptoris
676 3243 882 3323 sententIam,
905 3243 974 3328 qui,
996 3266 1066 3311 cum
1082 3246 1161 3312 haec
1176 3247 1272 3315 verba

141 3344 303 3422 scriberet,
324 3344 389 3408 iarn
404 3344 568 3427 cogitavit,
590 3343 695 3429 qualis
716 3344 828 3410 fuisset
848 3344 946 3411 totius
966 3346 1013 3412 rei
1027 3353 1168 3430 eventus,
1190 3350 1273 3417 falsa

141 3468 218 3513 eane
246 3445 365 3533 species
393 3446 564 3514 statuenda
591 3447 741 3530 locusque
761 3447 940 3513 reddendus
967 3453 1031 3515 est:
1068 3451 1136 3531 „ala
1157 3451 1197 3518 ob
1219 3451 1272 3520 die

140 3550 235 3616 beate
255 3549 356 3615 bereit
375 3551 457 3612 wire
479 3548 544 3613 und
566 3570 641 3614 man
662 3570 723 3614 nur
743 3549 903 3633 augreifen
925 3549 1046 3616 diirfe“.

226 3651 360 3718 Videtur
375 3656 482 3716 autem
503 3652 677 3736 imperator
698 3652 882 3731 credidisse,
903 3653 1054 3736 quoniam
1075 3654 1195 3737 praeda
1215 3676 1272 3740 pa·

141 3760 213 3820 rata
235 3759 331 3831 essct,
353 3752 387 3817 id
409 3774 508 3819 unum
529 3753 741 3820 necessarium
757 3773 845 3834 esse,
869 3761 906 3820 ut
926 3754 1156 3823 adveheretur:
1180 3759 1270 3838 „weil

143 3856 199 3922 der
220 3856 325 3922 kaiser
345 3855 412 3920 sich
435 3855 619 3935 einbildete,
641 3877 716 3922 man
738 3856 829 3923 diirfe
850 3878 910 3922 nur
932 3856 1122 3941 zugreifen“.

226 3960 338 4025 Restat
358 3979 440 4023 unus
461 3958 562 4038 loeus,
594 3979 656 4042 quo
677 3958 804 4038 „velut“
825 3960 1183 4043 coniunctioniepartee
1203 3980 1272 4024 sus·

142 4065 241 4150 cepit:
271 4062 352 4127 Hist.
374 4060 433 4140 III,
454 4061 511 4138 Xl,
533 4065 562 4126 9.
586 4061 728 4145 „Quippe
751 4060 906 4127 Moesicae
928 4060 1067 4144 legiones
1088 4061 1230 4125 adiutam
1249 4078 1272 4126 a

141 4189 175 4233 se
197 4164 448 4231 Pannonicorum
472 4163 624 4230 ultionem
644 4163 829 4244 referentes,
850 4167 883 4228 et
900 4162 1089 4242 Pannonici,
1110 4161 1197 4227 velut
1217 4162 1271 4226 ab·

142 4270 336 4335 solverentur
356 4265 491 4338 aliorum
512 4264 682 4346 seditione,
703 4266 821 4332 iterare
841 4265 966 4350 culpam
988 4262 1198 4347 gaudebant“.
1223 4312 1225 4316 ι
