2836 4814
691 279 726 335 15

137 480 224 523 mero
246 458 354 522 fictam
376 478 438 522 non
463 477 547 535 esse,
585 459 639 523 sed
669 479 707 522 ne
737 457 872 523 fortasse
899 457 981 522 falsa
1009 456 1183 523 traditione
1205 478 1272 522 cor-

138 567 235 644 rupta
257 560 410 639 traderet,
432 560 620 643 suspitione,
644 581 707 644 qua
723 559 798 640 fuit,
822 566 997 625 commotus
1010 559 1188 642 legentibus
1202 581 1272 644 per·

139 664 226 726 misit
241 663 381 739 Tacitus,
404 667 514 726 utrum
537 668 656 727 rectam
673 683 714 726 an
736 661 849 727 falsam
871 663 967 728 fuisse
990 682 1118 727 causam
1141 662 1274 727 damna·

140 765 235 829 tionis
256 765 423 828 aestimare
446 764 573 829 vellent.
618 765 833 830 confirmatur
859 765 939 831 haec
961 765 1133 844 sententia,
1169 764 1273 829 verbis

129 887 221 950 >quae
252 874 445 950 sequuntur:
485 867 743 946 „Adneetebatur
775 868 1030 946 criminiVibia,
1064 871 1167 932 mater
1196 866 1272 947 eius,

140 975 176 1032 ut
208 987 299 1033 casus
331 969 446 1053 prioris
477 971 565 1055 (nam
598 970 739 1052 relegata
772 971 855 1056 erat)
887 970 1087 1054 impatiens“¹
1140 970 1271 1034 Vertae:

139 1069 227 1149 „weil
250 1071 311 1148 sie,
350 1072 431 1135 nach
454 1077 622 1156 erwtigung
644 1073 701 1137 der
722 1071 841 1136 richter
867 1072 937 1137 ihre
961 1072 1163 1155 verbannung
1186 1071 1274 1136 nicht

139 1171 376 1237 verschmerzen
398 1174 534 1239 kbnne“.

223 1274 337 1339 Annal.
361 1276 448 1355 XIII,
470 1277 589 1356 XVIII,
615 1278 663 1340 11.
693 1276 870 1354 „Tribunos
898 1282 930 1340 et
952 1275 1153 1342 centuriones
1175 1274 1274 1365 comi-

126 1382 187 1440 ter
211 1377 369 1462 excipere,
393 1379 522 1444 nomina
544 1386 576 1442 et
591 1381 725 1443 virtutes
747 1377 912 1455 nobilium,
936 1379 990 1460 qui
1013 1379 1109 1442 etiarn
1133 1386 1200 1442 tum
1223 1400 1274 1443 su-

136 1488 298 1562 pererant,
322 1481 354 1544 in
379 1482 498 1545 honore
521 1481 647 1561 habere,
669 1482 760 1566 quasi
777 1486 945 1564 quaereret
960 1481 1072 1544 ducem
1088 1488 1120 1544 et
1135 1488 1272 1565 partes“.

223 1581 324 1660 „Weil
347 1584 392 1647 sie
414 1584 509 1667 (nach
533 1583 683 1664 Meinung
706 1583 761 1647 des
784 1583 881 1662 Nero)
905 1583 995 1645 einen
1024 1581 1133 1683 liihrer
1162 1604 1200 1646 zu
1222 1604 1269 1666 ge·

141 1684 263 1748 winnen
286 1685 350 1749 und
379 1686 450 1749 eine
479 1686 583 1769 partei
614 1708 650 1749 zu
680 1685 786 1750 bilden
809 1684 875 1749 sich
898 1684 1077 1770 bemiibtaff.
1122 1685 1274 1766 Negleota

140 1791 242 1848 mater
258 1787 446 1871 Agrippina,
469 1789 558 1852 cuius
581 1789 614 1852 in
639 1787 795 1851 Neronem
817 1788 866 1851 ira
888 1787 978 1851 nulla
1001 1789 1069 1852 eius
1089 1787 1273 1851 munificen-

141 1887 187 1951 tia
209 1887 301 1953 leniri
322 1896 461 1973 poterat,
499 1912 562 1955 non
585 1890 687 1954 solum
710 1889 885 1967 simulavit,
921 1911 954 1954 se
977 1889 1095 1975 ducem
1111 1898 1144 1953 et
1166 1894 1274 1973 partes

140 2010 306 2072 quaerere,
334 1992 391 2056 sed
412 2014 446 2056 re
470 2013 544 2056 vera
566 1999 678 2058 contra
699 1992 800 2056 tilium
822 1993 919 2056 variis
941 1992 1064 2057 artibus
1086 1991 1205 2057 nobiles
1227 1993 1273 2056 in-

139 2094 249 2158 citavit
271 2096 432 2175 vireant,
454 2096 530 2160 data
553 2096 725 2174 occasione,
749 2094 900 2159 ultionem
924 2095 983 2160 sibi
1006 2103 1144 2178 pararet.
1182 2094 1273 2172 Quod

139 2197 235 2259 etiam
251 2197 336 2261 Nero
351 2219 414 2262 non
438 2199 547 2276 nescit,
570 2199 624 2263 sed
645 2219 684 2263 ex
706 2196 826 2280 palatio
849 2217 920 2261 eam
942 2197 1081 2280 expulit,
1104 2217 1164 2276 „ne
1181 2201 1273 2261 coetu

138 2298 347 2363 salutantium
369 2301 656 2383 frequentaretur“.

225 2402 433 2478 AnnalXV,
456 2402 576 2481 LXXI,
602 2409 648 2468 12.
682 2403 798 2480 „Exuti
829 2400 944 2466 dehinc
977 2401 1205 2466 tribunatu..
1232 2449 1271 2465 ..

141 2501 322 2584 Pompeius,
358 2503 522 2569 Cornelius
549 2505 723 2583 Martialis,
754 2506 884 2569 Flavius
912 2504 1032 2587 Nepos,
1065 2503 1188 2568 Statius
1210 2502 1273 2568 Do·

141 2602 264 2681 mitius,
287 2606 377 2685 quasi
398 2607 572 2690 principem
594 2631 657 2672 non
679 2607 808 2691 quidem
830 2607 978 2685 odissent,
1002 2606 1057 2671 sed
1072 2610 1187 2670 ‘tamen
1208 2606 1273 2670 exi·

140 2707 376 2773 stimarentur“.
420 2709 492 2788 „Sic
513 2713 643 2775 wurden
665 2711 720 2774 des
742 2708 900 2775 tribunale
922 2715 1071 2789 entsetzt,
1093 2709 1182 2774 nicht
1202 2708 1274 2773 weil

139 2811 184 2873 sie
207 2809 266 2873 den
290 2808 396 2875 kaiser
417 2811 562 2892 lrassten,
586 2814 721 2879 sondern
739 2815 808 2878 weil
824 2834 897 2878 man
921 2834 954 2877 es
975 2812 1072 2877 ihnen
1095 2819 1272 2877 zutraute“.

227 2913 398 2978 Adnotavit
420 2914 525 2979 Wiilfl.
549 2916 741 2998 particulam
767 2916 904 2998 similem
935 2917 998 2980 vim
1026 2914 1175 2998 adeptam
1205 2935 1272 2979 esse

142 3015 305 3093 hocloco,
329 3037 425 3099 quam
447 3018 639 3101 particulam
663 3017 820 3083 causalem
843 3018 967 3102 „quod‘
982 3018 1023 3100 ²¹¹).

226 3117 354 3198 Omnia,
377 3140 458 3202 quae
482 3120 586 3186 adhuc
607 3120 798 3205 protulimus
813 3120 958 3204 exempla
979 3121 1013 3185 id
1028 3140 1194 3184 commune
1217 3119 1274 3184 ba·

141 3220 273 3292 bebant,
296 3227 331 3283 ut
353 3221 384 3285 in
408 3225 453 3287 eis
475 3225 605 3306 ‚,quasi“
627 3224 857 3288 coniunctionis
872 3229 979 3307 partes
994 3223 1165 3302 obtineret,
1188 3221 1272 3286 unde

140 3327 320 3390 enunciati0
351 3327 542 3391 secundaria
570 3327 743 3410 pendebat;
782 3327 906 3391 diversa
938 3327 1023 3389 inter
1055 3345 1088 3388 se
1111 3331 1204 3388 erant
1225 3344 1272 3401 eo,

142 3427 226 3510 quod
249 3429 300 3492 bic
321 3430 479 3510 particula
501 3429 658 3494 serviebat
679 3429 719 3493 ad
743 3428 982 3512 exprimendum
1005 3426 1121 3504 simile,
1143 3424 1209 3490 illic
1230 3425 1272 3490 ad

142 3528 335 3595 efficiendam
358 3531 473 3596 falsam
489 3533 648 3615 quandam
672 3532 823 3616 speciem,
845 3531 910 3595 illic
933 3529 1069 3613 denique
1092 3528 1132 3593 ad
1154 3527 1271 3592 adden-

141 3633 215 3697 dam
237 3654 367 3698 causam
388 3655 408 3698 a
431 3635 563 3699 veritate
586 3657 690 3700 rerum
714 3657 777 3699 non
800 3633 948 3699 alienam.
970 3670 1010 3680 -

192 3826 218 3895 *l
235 3826 331 3880 Liceat
348 3825 462 3889 addere,
480 3840 550 3890 quae
567 3825 633 3876 olim
646 3823 786 3877 Acidaliae
804 3822 839 3876 ad
859 3819 1051 3890 explicandum
1064 3817 1135 3870 Hiat.
1144 3817 1166 3884 1,
1176 3815 1277 3882 LXXI,

142 3922 166 3974 9.
185 3917 340 3974 adnotavit:
359 3912 477 3981 „Lego“,
495 3912 591 3978 inquit,
611 3927 678 3976 „nec
696 3908 767 3962 Otho
785 3910 863 3976 quasi
879 3909 1046 3976 ignosceret,
1065 3905 1113 3958 sed
1132 3921 1165 3956 ne
1185 3903 1272 3957 hostie

140 4011 244 4060 metum
262 3998 478 4057 reconciliationi
497 3999 665 4051 exhiberet“.
700 3997 815 4065 Recepit
833 3996 939 4050 Celsum
958 3994 1050 4046 statim
1069 3993 1143 4047 inter
1160 3991 1272 4045 intimos

141 4097 256 4159 amicos,
286 4073 511 4156 contemptam,
541 4087 584 4137 uel
600 4084 669 4153 quod
691 4083 729 4153 (id
746 4081 816 4134 enim
839 4081 882 4135 ln‘c
906 4082 983 4133 valet.
1001 4079 1088 4150 quari)
1116 4097 1146 4133 re
1164 4095 1228 4133 vera
1246 4077 1272 4132 ei

139 4181 319 4250 ignoscer·et“.
366 4177 468 4231 Statuit
496 4175 582 4244 igitur
609 4174 664 4224 iam
693 4175 771 4224 vetus
797 4170 844 4223 ille
869 4168 1077 4238 grammaticus,
1108 4166 1272 4235 particulam

139 4270 252 4338 „quasi“
269 4282 462 4333 nonnunquam
481 4265 536 4317 vim
555 4261 670 4316 causalis
688 4259 839 4329 particulae
856 4257 964 4326 „quod‘
982 4271 1090 4309 sumere
1107 4269 1193 4322 posse.
