2836 4814
646 287 687 346 47

99 474 133 532 et
155 467 325 550 „quidam“
349 469 551 551 conspicuum
575 474 624 532 est
645 470 747 552 ipsum
771 468 958 552 scriptorem
980 471 1114 534 sensisse
1136 469 1236 534 auda·

99 571 182 634 ciam
203 570 280 635 dicti
308 568 404 654 idque
427 569 589 634 additione
612 591 737 653 quoque
766 569 943 654 particulae
972 570 1081 636 mitius
1103 571 1235 638 reddere

99 672 243 736 voluisse.
546 714 548 721 ,

185 774 298 838 Annal.
322 775 375 854 IV,
397 775 529 855 XXVII,
554 780 580 838 6.
610 775 705 854 „Mox
727 775 839 859 positis
867 774 1033 859 propalam
1056 774 1172 842 libellis
1192 776 1234 842 ad

99 875 278 941 libertatem
302 877 436 943 vocabat
458 877 507 958 (T.
530 875 701 958 Curtisius)
723 878 862 960 agrestIa
883 898 941 960 per
963 877 1151 962 longinquos
1172 877 1234 945 sal·

99 985 151 1042 tos
172 985 205 1042 et
232 978 350 1044 ferocia
372 979 513 1058 servitia,
544 1000 616 1044 cum
637 979 724 1045 velut
745 999 875 1043 munere
898 979 990 1043 deum
1013 985 1079 1044 tres
1100 980 1235 1047 biremes

98 1079 248 1163 adpulere
271 1081 311 1145 ad
334 1101 409 1145 usus
430 1084 675 1148 commeantium
696 1081 749 1147 illo
771 1083 883 1145 mari“.
928 1081 1232 1163 cf.onnal.111‚os.

183 1183 299 1254 Annal.
321 1183 374 1263 IV,
397 1184 513 1260 XXXI,
529 1189 559 1249 8.
585 1185 688 1264 „Quin
709 1185 792 1268 ipse,
814 1183 1006 1267 compositus
1027 1185 1108 1250 alias
1129 1190 1162 1250 et
1182 1205 1233 1251 ve·

96 1283 144 1346 lut
167 1284 376 1348 eluctantium
396 1285 579 1366 verborum,
601 1287 736 1352 solutius
757 1288 996 1371 promptiusque
1017 1285 1235 1370 eloquebatur,

97 1389 245 1468 quotiens
267 1388 476 1454 subveniret“.
520 1389 568 1454 cf.
591 1390 673 1454 Hist.
697 1389 755 1468 ΙΙΙ,
778 1392 829 1452 59.

183 1488 382 1568 „Gleichsam
411 1491 468 1556 wie
497 1514 587 1558 wenn
616 1493 668 1557 dic
690 1498 785 1556 worte
817 1489 883 1555 sich
913 1494 978 1554 erst
1006 1478 1260 1574 hervorringen‘

98 1595 267 1661 miissten“.

182 1695 297 1761 Annal.
320 1697 373 1774 IV,
397 1697 542 1776 XXXIV,
566 1700 614 1760 22.
638 1695 759 1774 „Marci
781 1692 941 1759 Ciceronis
963 1691 1060 1771 libro,
1083 1713 1149 1777 qua
1173 1694 1232 1759 (la-

97 1800 202 1861 tonem
225 1797 314 1862 caelo
343 1801 507 1881 aequavit,
542 1799 617 1883 quid
648 1798 737 1863 aliud
765 1796 904 1861 dictator
924 1795 1042 1859 Caesar
1064 1816 1159 1879 quam
1181 1816 1233 1862 re-

95 1900 215 1982 scripta
237 1901 395 1979 oratione,
419 1901 504 1966 velut
527 1902 611 1985 apud
634 1901 754 1971 iudices
775 1897 967 1985 respoudit“.

179 2003 249 2068 Non
279 2023 313 2066 re
342 2024 418 2067 vera
447 2023 575 2069 causam
608 2005 641 2068 iu
671 2002 824 2067 iudicium
853 2001 976 2066 vocavit
1006 1998 1140 2079 Caesar,
1176 2000 1231 2065 sed

94 2105 216 2170 duobus
238 2104 368 2183 libellis,
391 2107 446 2191 qui
463 2108 668 2172 Anticatones
690 2105 833 2187 inscripti
857 2109 951 2169 erant
971 2100 1026 2189 (cf.
1041 2100 1127 2166 Suet.
1140 2101 1231 2169 (laea.
1349 2174 1354 2183 ⁸

93 2211 151 2292 56)
173 2209 351 2273 laudationi
366 2209 527 2274 Ciceronis
548 2211 581 2274 in
595 2208 747 2273 Catonem
760 2207 958 2285 Uticensem,
980 2225 1075 2297 quarn
1097 2204 1126 2268 is
1139 2206 1231 2289 quasi

92 2310 239 2376 defensor
260 2311 320 2374 viri
340 2309 468 2392 habuit,
505 2313 594 2394 quasi
617 2314 784 2375 accusator
806 2308 981 2393 respondit,
1018 2307 1231 2390 impugnavit·

94 2434 155 2495 que
179 2433 249 2475 eam
271 2415 318 2476 ita
340 2419 377 2477 ut
405 2413 560 2498 legentes,
598 2413 629 2478 id
658 2418 708 2476 est
737 2410 888 2496 populum
911 2411 1087 2476 Romanum
1111 2409 1230 2474 iudices

94 2515 250 2578 redderet.

182 2616 294 2680 Annal.
317 2616 370 2695 IV,
393 2616 539 2697 XXXVI,
566 2621 612 2681 13.
648 2616 749 2696 „Nam
778 2624 814 2681 ut
836 2617 906 2700 quis
928 2615 1108 2681 destrictior
1137 2636 1228 2681 accu-

94 2723 195 2798 sator,
218 2719 305 2783 velut
326 2724 546 2785 sacrosanctus
568 2727 666 2784 erat“.

178 2822 302 2887 Pudore
323 2825 460 2908 quodam
475 2830 651 2890 commotus
672 2821 838 2885 honestam
854 2840 960 2885 vocem
983 2821 1228 2900 „sacrosancti“,

93 2924 249 3006 privilegii
273 2928 403 2992 maximi
426 2949 489 3011 quo
511 2924 657 2991 nonnulli
680 2924 884 3006 magistratus
906 2923 1120 3001 ornabantur,
1153 2943 1228 3003 non,

93 3026 155 3088 nisi
177 3025 286 3091 addita
307 3029 466 3111 particula
488 3026 615 3108 „velut“
637 3027 679 3092 ad
701 3027 900 3111 turpissimos
921 3033 1122 3092 accusatores
1143 3024 1228 3090 dela-

92 3133 240 3211 toresque
261 3128 380 3195 referre
402 3131 503 3195 voluit
523 3131 666 3214 scriptor.

178 3232 290 3301 annal.
312 3233 366 3312 IV,
389 3233 519 3313 XXXX,
544 3238 592 3298 11.
622 3231 824 3315 „Simplicius
845 3235 1004 3305 acturum,
1032 3229 1072 3294 de
1094 3228 1227 3293 inimici·

13 3356 17 3362 ·
92 3333 145 3397 tiis
167 3335 304 3416 primum
328 3337 535 3420 Agrippinae,
557 3355 637 3418 quas
659 3334 753 3415 longe
774 3333 879 3398 scrius
901 3351 1045 3410 arsuras,
1068 3334 1095 3396 si
1117 3331 1224 3396 matri·

93 3439 231 3501 monium
254 3439 362 3504 Liviae
382 3439 471 3504 velut
495 3440 528 3503 in
551 3443 659 3523 partes
680 3437 808 3500 domum
831 3433 976 3501 Caesaris
997 3433 1225 3499 distraxisset“.

178 3541 331 3606 Conferas
352 3541 578 3626 Nipperdeium
601 3540 685 3604 hunc
707 3538 748 3602 ad
770 3538 883 3604 locum.

178 3644 291 3709 Annal.
315 3644 368 3720 IV,
390 3643 518 3721 LXVII,
541 3648 590 3708 21.
620 3644 717 3723 „Quis
739 3641 867 3706 additus
894 3639 985 3704 miles
1007 3640 1149 3716 nuntios,
1179 3640 1225 3705 io·

91 3749 219 3825 troitus,
243 3751 355 3831 aperta
376 3750 498 3810 secreta
519 3746 606 3811 velut
627 3747 660 3811 in
683 3744 815 3809 annales
837 3743 1013 3808 reserebat“
1035 3747 1092 3807 etc.

175 3850 252 3914 Tam
275 3855 422 3913 accurate
450 3853 604 3930 tantaque
633 3869 703 3912 cum
733 3845 898 3929 diligentia
925 3847 1032 3910 omnia
1053 3845 1225 3910 memoriae

91 3953 293 4017 tradiderunt
315 3958 347 4016 et
369 3951 603 4015 adnotaverunt
630 3950 745 4014 milites
766 3949 942 4014 delatorum
966 3954 1074 4031 partes
1095 3952 1226 4030 agentes

92 4063 128 4120 ut
156 4077 228 4121 oum
255 4053 462 4139 scriptoribus
491 4072 596 4118 rerum
625 4059 785 4136 gestarum
815 4050 993 4136 comparari
1021 4070 1112 4134 posse
1141 4050 1225 4114 vids·

108 4181 124 4223 e
164 4182 211 4224 u.

89 4182 107 4224 r
127 4166 163 4224 nt
176 4182 290 4327 Xnnal.
299 4263 335 4341 V,
346 4260 403 4340 ΙΙΙ,
412 4267 441 4325 4.
466 4260 573 4339 „Tunc
595 4259 683 4324 velut
703 4257 801 4323 frenis
822 4255 959 4321 exsoluti
980 4256 1223 4338 praeoperante.
