2836 4814
685 313 722 373 27

136 497 277 563 tionibus
299 519 336 560 ac
358 518 451 580 saepe
473 498 506 560 in
523 502 642 560 metum
665 497 844 561 adduxerat
858 495 950 579 quasi
964 495 1144 560 adulterum
1163 497 1272 579 Agrip-

138 603 232 687 pinae
255 605 287 663 et
308 599 463 663 desiderio
486 599 554 662 eius
576 598 688 663 ultioni
711 600 897 662 intentum“.

224 703 302 766 Cum
318 701 446 765 Tacitus
468 701 555 765 nullo
577 701 646 766 loco
662 702 700 766 de
715 702 833 766 Faenio
849 699 931 764 Rufo
952 705 987 763 ut
1002 698 1146 764 adultero
1162 700 1273 783 Agrip·

139 807 233 890 pinse
266 811 298 869 et
326 810 399 888 post
431 804 682 868 interfectionem
717 804 783 868 eius
817 803 974 867 desiderio
1003 803 1116 866 ultioni
1150 801 1273 865 intento

139 907 311 992 quidquam
334 906 424 970 nobis
447 906 630 986 tradiderit,
652 907 710 971 has
734 907 970 970 criminationes
992 925 1028 968 eo
1043 904 1175 969 consilio
1190 922 1274 968 com‘·

139 1010 258 1095 positas
280 1030 348 1072 esse
370 1029 390 1071 a
412 1008 581 1089 Tigellino,
617 1016 653 1074 ut
675 1010 834 1074 aemulum
858 1030 896 1072 ex
918 1008 1070 1091 principis
1091 1007 1199 1072 lavore
1221 1027 1273 1070 ex-

138 1112 286 1196 pelleret,
309 1113 377 1175 iure
399 1132 438 1175 ex
460 1111 561 1175 Taciti
584 1106 688 1177 verbis
710 1112 897 1177 concludere
920 1111 1003 1175 licet.

224 1213 338 1277 Annal.
362 1207 429 1293 XV,
453 1215 546 1291 LXV,
568 1220 598 1278 4.
632 1215 906 1298 „Tradereturque
935 1212 1102 1296 imperium
1126 1211 1274 1288 Senecae,

137 1317 229 1401 quasi
252 1315 429 1381 insontibus
458 1316 647 1381 claritudine
670 1317 822 1380 virtutum
854 1316 895 1380 ad
925 1335 1082 1379 summum
1112 1312 1274 1396 fastigium

138 1419 292 1484 delectu‘.

224 1521 358 1586 Constat
386 1543 425 1586 ex
448 1520 550 1586 verbis
579 1521 690 1604 primis
719 1522 848 1604 capitis:
887 1521 1007 1598 „Tama
1036 1519 1097 1583 fnit
1125 1517 1274 1582 Subrium

139 1625 272 1690 Flavum
287 1645 357 1688 cum
374 1623 613 1688 centurionibus
628 1623 750 1688 occulto
766 1624 911 1700 consilio,
933 1643 1035 1705 neque
1058 1627 1164 1684 tamen
1186 1619 1275 1702 igno-

140 1734 231 1792 rante
254 1727 387 1804 Seneca,
423 1727 647 1804 destinavisse,
685 1733 721 1790 ut
753 1736 825 1809 post
857 1711 994 1791 occisum
1027 1746 1123 1809 opera
1152 1723 1275 1788 Pisonis

141 1831 309 1908 Neronem,
334 1831 406 1893 Piso
422 1850 547 1911 qnoque
569 1829 831 1909 interfice1·etur“,
854 1851 907 1894 eos
929 1831 1070 1893 insontes
1084 1849 1146 1891 nou
1168 1826 1273 1890 fuisse.

225 1932 338 1997 Annal.
362 1932 447 2007 XVI,
470 1932 527 2012 III,
545 1935 573 1994 2.
598 1932 778 2009 „Gliscebat
799 1935 927 1997 interim
950 1932 1079 1995 luxuria
1100 1951 1156 2013 spe
1177 1929 1274 2007 inani,

139 2036 469 2116 consumebanturque
485 2041 607 2098 veteres
630 2056 704 2118 opes
727 2038 818 2119 quasi
841 2035 956 2101 oblatis
979 2055 1057 2117 quas
1080 2034 1197 2098 multos
1218 2052 1275 2116 per

138 2161 240 2204 annos
261 2137 471 2221 prodigeret“.

138 2234 141 2239 ’
224 2242 302 2325 Spes
324 2238 480 2304 collocata
507 2240 540 2302 in
571 2240 708 2320 imagine
730 2248 886 2304 nocturna
908 2242 1095 2305 immensam
1118 2239 1181 2302 vim
1204 2237 1274 2302 auri

79 2399 82 2405 ,
138 2345 316 2418 indicante,
340 2343 440 2406 fallax
462 2347 545 2419 erat,
568 2343 651 2424 quod
675 2342 737 2407 fine
760 2345 874 2427 capitis
896 2344 1059 2427 probatur.

227 2445 339 2509 Annal.
361 2445 444 2523 XVI,
467 2445 586 2522 XXIII,
613 2450 659 2507 ll.
693 2445 850 2529 „Tempus
878 2445 1076 2510 damnationi
1107 2443 1274 2518 delectum,

141 2570 204 2633 quo
225 2547 383 2612 Tiridates
404 2547 588 2631 accipiendo
613 2548 782 2612 Armeniae
810 2569 907 2630 regno
930 2548 1137 2623 adventabat,
1176 2550 1212 2609 ut
1233 2544 1274 2610 ad

140 2658 274 2716 externa
296 2651 474 2714 rumoribus
496 2651 682 2714 intestinum
705 2651 807 2715 scelus
829 2649 1063 2727 obscuraretur,
1087 2671 1127 2713 an
1151 2654 1187 2713 ut
1209 2669 1274 2712 ma-

137 2754 338 2838 gnitudinem
367 2752 604 2836 imperatoriam
628 2753 725 2817 caede
756 2753 928 2835 insignium
950 2753 1088 2816 virorum
1114 2753 1205 2835 quasi
1226 2772 1275 2815 re-

139 2858 189 2940 gio
212 2857 353 2920 facinore
376 2862 581 2920 ostentaret“.

225 2960 414 3042 Priusquam
436 2959 476 3022 ad
505 2966 694 3024 exstremam
725 2966 847 3042 partem
879 2958 1111 3022 dissertationis
1134 2956 1173 3020 de
1202 2977 1276 3041 par·

141 3062 238 3127 ticula
260 3062 392 3144 „quasi“
414 3061 582 3126 institutae
610 3063 822 3145 pervenimus,
861 3062 954 3124 unius
976 3050 1074 3124 antea
1095 3058 1156 3124 loci
1177 3058 1276 3143 expli-

139 3165 263 3230 catione
286 3184 366 3247 opus
387 3169 444 3240 est,
467 3165 521 3247 qui
544 3166 704 3247 peculiare
726 3164 885 3246 quoddam
907 3162 1044 3226 exhibet.
1089 3163 1219 3244 Legitur
1241 3161 1275 3225 in

141 3267 222 3331 Dial.
245 3267 335 3343 XIII,
359 3270 387 3330 9.
418 3267 539 3344 „Testis
561 3268 628 3351 ipse
650 3267 785 3349 populns
808 3275 976 3346 (securum
1000 3272 1033 3330 et
1055 3264 1196 3347 quietum
1221 3284 1275 3328 va·

139 3376 206 3432 tum
230 3388 384 3431 secessum
408 3370 492 3452 apud
523 3370 627 3453 ipsum
650 3369 765 3433 notitia
787 3390 850 3432 non
874 3368 1042 3448 caruisse),
1080 3368 1134 3449 qui
1158 3365 1276 3431 auditis

140 3472 172 3535 in
195 3470 321 3534 theatro
344 3469 476 3552 VergiIii
500 3472 641 3536 versibus
670 3473 810 3536 surrexit
832 3471 997 3535 universus
1020 3475 1052 3534 et
1079 3469 1160 3532 forte
1184 3490 1276 3553 prae-

140 3579 260 3638 sentem
283 3578 543 3657 spectantemque
566 3574 741 3656 Vergilium
765 3579 934 3637 veneratus
962 3579 1010 3638 est
1031 3573 1075 3636 sic
1098 3573 1189 3654 quasi
1214 3575 1275 3636 Au-

139 3683 296 3758 gustum“.

225 3779 294 3843 Hoc
316 3778 399 3842 enim
424 3777 491 3841 loco
514 3799 574 3841 non
599 3786 649 3841 sat
674 3784 723 3843 est
745 3779 983 3843 similitudinem
1006 3799 1063 3862 per
1084 3777 1276 3861 particulam

138 3882 312 3947 indicatam
336 3887 490 3957 statuere,
529 3880 660 3961 quiere
683 3902 757 3944 vera
785 3888 911 3964 poetam
935 3882 1044 3946 eodem
1067 3880 1174 3960 modo,
1213 3901 1276 3964 quo

140 3990 321 4065 Augustum
344 3984 479 4066 populus
501 3989 670 4046 veneratus
693 3990 750 4047 est.
797 3983 844 4048 cf.
869 3984 952 4048 Hist.
976 3984 999 4062 l,
1023 3984 1125 4061 XVII,
1148 3989 1177 4047 5.

226 4086 344 4150 Iladem
373 4086 471 4168 igitur
492 4086 536 4162 vi,
573 4106 637 4167 qua
663 4087 946 4168 „qemadmodum“
971 4087 1105 4169 scriptor
1129 4107 1204 4150 usus
1225 4092 1274 4150 est
1305 4108 1308 4114 ·

138 4189 306 4274 particula.
353 4189 476 4252 Addere
499 4189 595 4251 liceat
616 4189 700 4254 hunc
723 4190 849 4253 unicum
873 4211 940 4254 esse
962 4189 1081 4268 locum,
1112 4191 1166 4272 qui
1189 4190 1275 4273 apud

138 4292 285 4356 Tacitum
321 4292 500 4370 invenitur,
544 4312 606 4375 quo
643 4292 926 4357 demonstrativum
969 4292 1053 4370 „sic‘'
1098 4293 1276 4376 particulae
