2836 4814
758 305 778 364 4

196 491 309 555 falsam
333 488 491 574 speciem“
515 487 665 553 refutavit
694 488 904 571 propriusque
935 509 993 552 sua
1014 488 1244 571 particularum
1278 509 1331 551 ex-

196 593 368 678 plicatione
390 592 430 655 ad
453 592 619 655 veritatem
643 591 785 655 accessit.
828 590 949 654 Eodem
979 590 1044 653 fere
1072 595 1229 674 tempore,
1268 611 1331 672 quo

198 694 381 760 Woltlinius
403 714 493 758 suam
516 692 555 757 de
582 693 747 777 particulis
769 693 992 776 comparativis
1013 693 1153 756 instituit
1174 692 1332 776 quaestio·

198 817 285 874 uem,
313 795 503 880 Heraeus*)
534 801 625 858 tauta
654 817 725 859 cum
754 797 956 860 accuratione
984 795 1023 859 de
1052 795 1210 878 particula
1232 800 1332 874 „tam-

198 904 313 983 quam“
335 898 503 974 disseruit,
534 903 571 960 ut
592 897 673 961 nihil
695 897 945 981 praetermisisse
969 897 1129 974 videatur,
1149 897 1234 980 quod
1257 896 1332 961 addi

197 1002 305 1086 possit.
351 1000 506 1079 Quoniam
530 997 710 1063 Wiilflinius
741 1021 798 1064 sua
826 1000 859 1063 in
882 999 1067 1082 quaestione
1095 999 1128 1061 in
1150 1000 1331 1063 uuiversum

197 1105 298 1186 magis
330 1103 369 1167 de
399 1104 429 1166 vi
460 1108 492 1165 et
526 1100 756 1183 significatione
788 1101 903 1165 harum
934 1100 1164 1184 particularum
1198 1103 1333 1185 scripsit,

197 1198 294 1291 quam
316 1211 352 1269 ut
373 1203 514 1287 singulos
543 1203 643 1285 icccc,
680 1204 795 1287 quibus
823 1205 1046 1282 inveniuntur,
1084 1204 1170 1268 nullo
1201 1211 1333 1288 excepto

196 1307 435 1390 diligentissime
457 1306 633 1390 explicaret
654 1327 755 1390 neque
778 1307 938 1391 exempla,
960 1311 1027 1371 tam
1051 1312 1213 1384 accurate,
1236 1327 1333 1390 quam

197 1411 372 1476 desiderari
399 1414 517 1493 potest,
554 1409 717 1492 collegisse
744 1409 885 1488 ridetur,
921 1430 979 1492 ego
1008 1408 1086 1473 mihi
1114 1410 1265 1493 proposui
1294 1408 1333 1472 de

195 1512 427 1599 particularum
445 1512 578 1595 „quasi‘
600 1519 632 1576 et
655 1511 781 1589 „velut‘
796 1533 856 1577 usu
872 1511 1000 1577 Taciteo
1020 1531 1123 1594 agere.
1168 1511 1260 1576 Viam
1276 1512 1334 1594 igi-

197 1623 259 1693 tur,
282 1635 378 1698 quam
400 1613 601 1680 doctissimus
629 1614 684 1678 ille
715 1613 808 1678 homo
831 1613 958 1698 aperuit
980 1617 1012 1677 et
1034 1613 1264 1679 demonstravit
1286 1613 1334 1677 in·

197 1718 325 1804 gradiar
347 1723 393 1797 et,
417 1737 480 1800 qua
494 1738 620 1801 possum
645 1716 785 1783 maxima
807 1737 879 1780 cum
901 1737 991 1794 cura,
1013 1716 1151 1798 primum
1175 1715 1214 1780 dc
1236 1736 1335 1799 „qua

196 1823 244 1893 si“
265 1819 439 1909 particula,
460 1819 575 1885 deinde
598 1817 637 1883 de
660 1818 787 1898 „velut“
810 1818 972 1884 disseram.

249 2066 276 2134 l¹)
296 2063 431 2128 Heraeus,
452 2059 612 2128 Programm
629 2077 654 2114 v.
673 2057 785 2124 Homm,
806 2057 882 2112 1859.
