2836 4814
695 274 736 341 42

231 455 338 538 Fingit
359 457 464 522 auimo
485 458 634 539 coriptor,
656 458 836 523 libertatem
859 480 926 523 esse
948 481 1030 536 rem,
1052 480 1148 542 quam
1171 460 1288 531 tollere

147 558 265 641 possis,
287 559 334 623 ita
356 564 392 622 ut
414 559 513 624 oculis
535 560 654 624 diutius
675 582 738 624 non
762 560 982 642 conspiciatur.

232 661 334 743 agric.
359 662 518 739 XXXXV‚
535 667 590 726 -19,
621 663 789 746 „Tempus,
820 683 882 744 quo
906 661 1105 728 Domitianus
1127 685 1189 728 non
1218 665 1287 730 iam

146 781 204 846 per
224 763 395 829 intervalla
415 785 454 829 ac
476 765 672 847 spiramenta
693 771 870 847 temporum
895 765 949 829 sed
972 766 1123 833 continuo
1143 772 1176 831 et
1195 766 1289 831 velut

83 850 84 854 Ἰ
146 884 210 933 uuo
232 865 298 929 ictu
320 887 385 930 rem
408 865 565 950 publicam
588 865 766 930 exhausit“.
812 866 859 931 Of.
883 866 965 933 Hist.
983 868 1022 944 II,
1036 868 1213 947 XXXVIII,
1235 874 1285 934 15.

231 967 383 1033 Conferas
405 968 556 1033 Senecam
586 969 645 1048 „de
666 970 734 1033 ira‘
756 967 814 1048 Ill,
841 973 893 1046 19,
927 969 1044 1052 quide
1068 969 1213 1053 Caligula
1237 971 1287 1037 di-

145 1068 204 1134 cit:
231 1069 352 1148 „Homo
373 1071 429 1153 qui
452 1070 490 1135 de
512 1075 580 1135 toto
603 1076 716 1135 senatu
739 1070 928 1137 trucidando
951 1071 1126 1154 cogitabat,
1149 1074 1204 1156 qni
1227 1095 1285 1158 op·

145 1169 251 1250 tabat,
286 1178 323 1236 ut
343 1172 478 1256 populns
500 1173 661 1237 Romanus
682 1193 778 1236 unam
801 1174 953 1238 cervicem
975 1173 1120 1255 haberet,
1157 1181 1194 1240 ut
1215 1196 1285 1241 sce·

144 1271 212 1338 iera
241 1293 298 1337 sua
328 1279 376 1338 tot
404 1275 481 1340 locis
509 1296 547 1341 ao
576 1275 771 1359 temporibus
793 1275 923 1341 diducta
951 1277 984 1342 in
1006 1299 1105 1342 unum
1127 1279 1225 1342 ictum
1251 1284 1285 1343 et

144 1395 242 1439 uuum
265 1375 348 1442 diem
371 1384 526 1461 cogeret“.

227 1477 320 1543 Nunc
341 1484 543 1544 transeamus
565 1479 605 1546 ad
634 1479 704 1546 illos
732 1480 832 1560 locos,
868 1480 923 1563 qui
945 1481 1054 1546 eodem
1077 1481 1170 1546 modo
1193 1503 1284 1558 com-

143 1579 239 1663 positi
260 1581 293 1645 in
315 1580 465 1648 Historiis
485 1582 642 1663 leguntur.
742 1649 744 1654 ,

227 1683 347 1749 HIstor.
370 1685 394 1764 I,
417 1685 533 1765 XXIV,
559 1692 584 1748 l.
621 1685 866 1768 „Flagrantibus
898 1686 962 1750 iam
996 1685 1133 1751 militum
1163 1688 1284 1754 animis

143 1785 229 1850 volut
245 1771 335 1850 'faces
357 1786 525 1852 addiderat
547 1787 689 1853 Maevius
705 1787 844 1864 Pudens,
867 1809 907 1853 ex
928 1789 1081 1871 proximis
1103 1790 1282 1871 Tigellini“.

227 1888 402 1972 Imaginem
424 1891 518 1954 verbo
540 1889 789 1972 „flagrantibus“
818 1891 979 1972 inceptam
1001 1891 1128 1954 Tacitus
1150 1913 1284 1957 exsecu-

142 1995 195 2053 tus
217 1996 265 2054 est
286 2010 361 2055 voce
383 1993 550 2057 audaciore
580 1992 685 2070 „laces
716 1993 913 2058 addiderat‘.
945 2034 985 2044 -
1024 1993 1172 2058 Ceterum
1201 1994 1280 2060 alibi

142 2097 179 2156 nt
208 2093 241 2155 in
275 2093 396 2174 Dialog.
428 2095 504 2178 Cap.
527 2095 647 2160 XXXX
677 2115 776 2177 „quas
806 2095 985 2161 oratoribus
1018 2095 1102 2159 faces
1131 2097 1284 2161 admove-⁴

141 2195 240 2260 bant“
262 2197 452 2279 particulam
474 2197 644 2262 lenientem
667 2196 783 2260 omisit.
827 2199 906 2263 ltem
930 2198 1009 2265 Hist.
1034 2197 1080 2273 ΙΙ,
1105 2197 1278 2278 LXXXVI,

142 2302 183 2362 20
205 2288 422 2378 „Acerrimam
444 2299 527 2365 bello
549 2299 650 2363 facem
672 2299 854 2381 praetulit“.

225 2401 306 2466 Hist.
325 2403 475 2481 LXXIV,
488 2408 517 2466 7.
539 2401 663 2480 „Unam
687 2402 773 2466 velut
795 2402 955 2485 publicam
976 2401 1176 2485 largitionem
1191 2399 1274 2466 Otho

140 2505 361 2570 secretioribus
382 2505 466 2590 apud
489 2504 631 2586 singulos
652 2505 801 2589 praemiis
823 2504 1037 2570 intendebat‘.

179 2639 180 2642 ¹
225 2607 351 2672 Reddas
372 2613 481 2673 nostra
504 2608 538 2672 in
561 2608 684 2690 lingua:
721 2608 838 2686 „diese,
862 2627 937 2670 man
962 2605 1088 2671 mochte
1110 2628 1206 2690 sagon
1229 2607 1277 2673 of·

139 2708 288 2774 fentliche
310 2709 560 2793 Freigebigkeit“
583 2716 641 2774 etc.

223 2812 305 2877 Hist.
330 2813 354 2892 I,
377 2813 411 2892 L,
435 2817 464 2877 6.
487 2813 587 2892 „Tum
609 2812 688 2876 dnos
710 2811 851 2875 omnium
873 2811 1056 2880 mortalium
1077 2813 1279 2897 impudicitia

138 2914 265 2997 ignavia
285 2915 413 2980 luxuria
435 2915 621 2980 deterrimos
644 2913 793 2978 velutad
815 2912 1009 2998 perdendum
1038 2913 1206 2999 imperium
1228 2915 1244 2980 f
1264 2954 1277 2966 ·

137 3018 246 3083 taliter
275 3019 391 3084 electos
420 3039 483 3083 non
507 3025 636 3082 senatus
658 3017 750 3084 modo
772 3021 806 3081 et
827 3035 938 3099 eques.
963 3052 1000 3091 -,-
1024 3053 1066 3062 -
1087 3053 1128 3065 -
1155 3054 1187 3097 ·.·
1218 3018 1276 3084 sed

137 3121 246 3206 volgus
268 3141 393 3205 quoque
414 3120 520 3204 palam
544 3127 714 3184 maerere“.

219 3224 420 3304 „Gleiohsam
441 3225 498 3288 uie
520 3244 590 3288 vom
613 3221 768 3291 sobioksal
789 3223 1017 3288 auserlesene“.

222 3327 302 3392 Hist.
320 3327 344 3406 I,
361 3327 459 3404 LXII,
476 3333 510 3390 lt
534 3327 627 3409 „lpso
650 3325 854 3409 profectionis
876 3324 927 3389 die
949 3325 1058 3408 aquila
1079 3326 1144 3393 leni
1166 3334 1276 3395 meatu

136 3436 231 3515 prout
253 3451 365 3514 agmen
387 3430 562 3506 incederet,
584 3429 671 3494 velut
692 3429 758 3494 dux
780 3431 848 3493 viae
870 3429 1096 3512 praevolavit“.

220 3533 303 3599 Hist.
327 3534 358 3610 I,
380 3532 499 3610 LXXl,
528 3535 574 3595 12.
607 3532 807 3615 „Mansitque
841 3531 932 3595 Celso
965 3531 1051 3596 velut
1084 3531 1227 3597 fataliter
1241 3535 1274 3617 *)

136 3636 231 3701 otiam
256 3657 313 3720 pro
335 3635 459 3699 Othone
480 3634 559 3698 fides
580 3635 705 3714 integra
726 3638 759 3697 et
779 3633 920 3697 infelix“.

221 3739 290 3804 Non
314 3744 439 3822 sponte,
469 3758 531 3801 non
560 3736 660 3800 libera
682 3735 844 3799 voluntate
874 3736 929 3800 sed
951 3756 971 3799 a
993 3737 1120 3801 secretis
1141 3737 1205 3801 illis
1227 3739 1274 3804 vi-

137 3843 239 3920 ribua,
269 3841 383 3924 quibus
406 3844 491 3903 totus
513 3838 649 3904 mundus
671 3838 828 3920 regnitur,
852 3837 978 3918 Celsus,
1007 3844 1043 3902 ut
1064 3838 1158 3903 fidem
1180 3861 1272 3906 suam

128 3944 253 4010 Othoni
277 3963 402 4028 quoque
424 3947 564 4005 servaret
586 3948 713 4006 coactus
736 3962 802 4006 esse
824 3941 958 4006 videtur.

221 4045 302 4114 Hist.
326 4045 350 4123 I,
373 4044 516 4122 LXXIX,
539 4047 567 4107 9.
600 4043 786 4123 „Sarmatae
806 4043 940 4127 dispersi
963 4044 1111 4128 cupidine
1132 4046 1271 4131 praedae

137 4186 340 4197 -...-.----

188 4267 212 4336 *)
231 4263 557 4345 cf.1)ode1·1.,1at3syn.
576 4264 607 4331 V,
627 4266 687 4319 395.
