2836 4814
740 325 779 387 52

194 514 252 596 111,
275 513 338 593 LV,
363 516 410 577 18.
440 548 481 560 -
517 509 639 575 Liceat·
649 508 765 574 addere
795 505 1009 593 compluribus
1031 507 1108 573 locis
1129 507 1231 573 simile
1254 530 1334 593 pro-

193 617 295 699 latum
316 613 446 700 propius
479 612 520 677 ad
550 611 597 677 rei
628 612 794 676 veritatem
816 610 979 685 accedere,
1015 615 1051 676 ut
1079 611 1238 695 particula
1260 610 1335 677 lere

194 718 326 784 eandem
348 715 464 781 habeat
485 713 562 792 vim,
599 734 695 797 quam
716 734 816 797 paene
838 711 1016 796 vel'prcpc.
1060 712 1173 793 Locos,
1209 713 1334 796 quibus

194 821 267 886 talis
288 815 533 905 particulae-ris
560 815 656 897 inest,
692 815 787 899 legis:
817 813 897 881 Dial.
921 813 1084 894 XXXXII,
1109 819 1155 878 14.
1199 815 1285 880 Hist.
1304 817 1333 897 I,

194 922 341 1000 XXVIII,
358 925 393 999 83
417 917 561 996 LXXIX,
577 921 613 998 93
635 917 676 996 II,
688 916 905 997 LXXXXI,6;
929 916 986 995 III,
998 916 1108 994 LIX,I
1129 921 1162 981 et
1176 917 1332 999 LXXIII,

196 1029 231 1104 43
255 1023 308 1103 IV,
330 1021 414 1101 XIV,
440 1026 494 1100 173
517 1018 631 1087 Annal.
655 1019 709 1099 IV,
731 1019 876 1099 XXXVI,
902 1023 955 1098 13;
977 1019 1067 1099 XIII,
1088 1019 1172 1097 XIV,
1195 1023 1224 1087 3.

277 1152 360 1218 Usus
380 1150 571 1236 particulae,
594 1170 687 1235 quem
709 1169 808 1234 usque
830 1147 935 1213 adhue
957 1149 1173 1233 cognorimus,
1202 1151 1265 1214 etsi
1286 1151 1333 1216 ab

195 1261 344 1320 accurato
366 1254 525 1320 Ciceronis
547 1273 606 1318 usn
629 1253 788 1337 discrepat
816 1256 921 1315 tamen
944 1251 1067 1315 totuin
1096 1252 1259 1318 latinitate
1281 1254 1334 1318 iu-

195 1357 318 1423 venitur
340 1377 441 1441 neque
457 1356 630 1441 quidquam
652 1355 725 1420 novi
747 1359 779 1418 et
800 1353 919 1437 proprii
940 1352 1095 1435 praebuit.

277 1484 369 1550 Nunc
397 1484 534 1550 transire
562 1483 657 1549 liceat
677 1487 717 1548 ad
740 1481 911 1548 secundum
934 1483 1148 1566 exemplorum
1171 1486 1330 1571 ordinem,

194 1586 307 1672 quibus
329 1606 386 1672 per
407 1585 598 1670 particulam
622 1585 756 1666 „vclut“,
787 1583 867 1650 falsa
889 1586 1045 1669 quaedam
1067 1587 1186 1671 species
1206 1589 1255 1655 rei
1276 1612 1331 1656 ve·

195 1689 285 1755 nitati
306 1688 451 1775 opposita
472 1688 645 1768 inducitur,
668 1689 715 1752 ita
736 1693 772 1752 ut
793 1686 852 1752 hoc
874 1708 998 1772 quoque
1019 1708 1079 1753 usu
1100 1709 1171 1753 cum
1193 1694 1331 1775 „quasi“

194 1813 303 1878 parem
334 1791 450 1857 lrabeat
483 1790 721 1873 significationis
743 1789 815 1854 vim.
860 1789 948 1869 Loci,
984 1789 1039 1872 qui
1076 1790 1136 1855 huo
1164 1793 1331 1876 pertinent

194 1892 365 1975 cumillis,
394 1913 473 1978 quos
494 1913 594 1977 usque
615 1891 720 1957 adhuc
742 1891 962 1970 tractavimus,
995 1912 1032 1958 ec
1055 1895 1262 1975 conveniunt,
1291 1903 1330 1964 nt

194 1997 233 2063 iis
256 2015 380 2080 quoque
401 1994 623 2060 introducatur
646 1992 748 2058 sImile
770 1991 930 2076 quoddam
952 1994 1002 2059 vel
1024 1994 1127 2079 imago
1149 1997 1196 2062 rei
1217 1999 1329 2082 ipsius,

195 2118 290 2183 quam
322 2097 456 2181 scriptor
489 2116 585 2179 quam
616 2095 870 2160 manifestissimo
905 2095 1082 2178 legentibus
1113 2103 1189 2163 ante
1219 2101 1330 2166 oculos

194 2219 311 2285 ponere
333 2198 430 2283 cupit.
473 2198 618 2265 Vidimus
635 2217 708 2262 vero
730 2196 806 2262 locis
828 2201 1122 2282 supramemoratis
1142 2200 1203 2266 hoc
1223 2203 1328 2268 simile

195 2302 320 2386 saepius
335 2308 401 2366 tam
416 2306 485 2366 arte
500 2320 571 2365 oum
587 2300 634 2364 rei
649 2300 783 2366 veritate
798 2300 965 2366 cohaerere
980 2303 1129 2383 potuisse,
1151 2307 1188 2368 ut
1200 2303 1327 2384 „velnt“

194 2403 423 2489 particularum
450 2407 598 2487 ‚‚Pr0pe“,
621 2408 760 2487 „paeue“
780 2402 938 2487 acciperet
960 2404 1036 2483 vim,
1066 2404 1197 2489 reliquis
1217 2413 1327 2473 autem

194 2506 272 2572 locis
292 2504 510 2571 similitudinis
531 2504 658 2588 quidem
681 2504 852 2585 elementa,
875 2511 927 2586 ea,
950 2504 1063 2588 quibus
1085 2527 1105 2571 a
1126 2528 1161 2573 re
1183 2529 1259 2575 vara
1281 2510 1331 2576 di·

195 2629 320 2673 versum
342 2613 412 2672 erut
434 2606 548 2686 simile,
571 2628 730 2691 superare.
767 2640 770 2647 ·

251 2736 504 2802 Consentaneum
519 2742 626 2802 autem
640 2741 689 2801 est
703 2735 836 2802 liberum
851 2736 1002 2802 iudicium
1018 2738 1057 2804 de
1072 2740 1191 2805 maiore
1207 2743 1256 2807 vel
1272 2744 1333 2809 mi·

195 2859 273 2905 nore
288 2837 494 2904 similitudine
510 2858 581 2902 cum
597 2857 631 2902 re
645 2838 724 2921 ipsu,
740 2836 911 2930 legentium
927 2840 1042 2906 animis
1057 2844 1245 2925 permissum
1260 2865 1333 2913 esse

196 2941 392 3025 ascriptore.
437 2939 499 3006 Sed
514 2939 583 3005 fieri
604 2946 717 3023 potest,
740 2945 776 3003 ut
797 2937 829 3018 ii,
853 2941 906 3023 qui
921 2941 1030 3023 legant
1041 2945 1203 3029 scriptoris
1222 2948 1334 3028 rerba,

194 3041 256 3127 ipsi
276 3043 429 3122 sentiant,
464 3042 567 3107 simile
593 3041 810 3107 introductum
832 3061 853 3106 a
880 3043 925 3108 rei
947 3044 1080 3109 veritate
1100 3066 1229 3130 prorsus
1250 3048 1335 3116 ulie·

196 3164 271 3209 num
293 3149 326 3210 ct
346 3144 505 3210 diversum
526 3163 609 3223 esse,
644 3163 714 3208 cum
737 3142 892 3208 elementa
913 3145 1128 3211 similitudinis
1149 3149 1210 3227 eis,
1244 3171 1333 3233 quae

196 3245 363 3312 dissimilia
383 3247 448 3312 siut
469 3246 530 3330 ipsi
551 3246 612 3323 rei,
650 3247 832 3313 obruantur.
875 3247 944 3312 Hoc
973 3249 999 3313 si
1026 3248 1078 3326 fit,
1115 3253 1216 3316 oritur
1244 3251 1334 3319 falsa

196 3348 352 3433 quaedam
383 3350 517 3433 speeies,
555 3368 575 3412 a
606 3349 759 3432 scriptore
790 3351 891 3433 petita
923 3349 1154 3435 legentiumque
1185 3353 1334 3438 arbitrio,

198 3447 352 3535 cognitu
381 3450 499 3535 Negari
520 3455 627 3515 nutem
649 3471 711 3516 nou
733 3457 852 3536 potest,
875 3453 1000 3536 saepius
1021 3452 1239 3520 difficillimum
1262 3477 1335 3526 esse

197 3552 389 3630 diiudicatu,
412 3573 493 3636 quae
513 3551 611 3618 fuerIt
631 3553 794 3637 scriptoris
817 3555 989 3634 sententia,
1013 3560 1118 3637 utrum
1134 3557 1237 3624 mains
1251 3580 1332 3643 pon·

133 3694 136 3699 ·
197 3654 256 3721 dus
277 3653 461 3721 attribuerit
481 3654 681 3719 similitudini
701 3675 743 3719 an
764 3653 1009 3739 discrepantiae,
1041 3659 1137 3723 etiam
1158 3664 1334 3730 accuratis-

196 3759 276 3824 simo
298 3757 339 3822 ad
360 3777 485 3823 omnem
507 3757 660 3823 sermonis
681 3761 862 3821 contextum
885 3756 994 3824 habito
1013 3767 1168 3844 respectu.

282 3886 349 3951 Hos
370 3886 454 3951 inter
476 3885 587 3952 dubios
614 3886 698 3952 locos
726 3888 934 3953 enumerandi
961 3895 1047 3970 sunt,
1085 3891 1122 3970 ii,
1158 3912 1237 3975 quos
1265 3894 1333 3962 iam

198 3987 404 4073 protulimus:
426 3987 508 4054 Hist.
531 3989 556 4066 I,
578 3987 721 4068 LXXIX,
743 3993 776 4068 93
801 3990 913 4054 Annal.
927 3990 967 4071 II,
984 3992 1038 4071 Vl,
1058 3997 1110 4070 14;
1133 3994 1187 4075 IV,
1204 3995 1334 4078 L1,31s;

200 4089 254 4167 Vl,
275 4090 330 4170 IX,
353 4094 381 4155 3.
404 4130 445 4142 -
467 4091 513 4156 De
534 4090 580 4155 eis
602 4096 723 4169 autem,
745 4111 824 4174 quos
846 4112 930 4158 nunc
953 4093 1158 4176 proferamus
1187 4096 1333 4164 dubitari

196 4211 287 4275 posse
309 4212 372 4256 non
394 4191 533 4272 videtur,
564 4192 640 4275 quin
663 4192 775 4258 falsam
797 4195 932 4277 speciem
956 4216 1012 4278 per
1034 4195 1135 4261 simile
1157 4198 1223 4263 solu
1245 4204 1334 4286 cogi·

197 4292 317 4359 tatione
339 4292 448 4360 fictum
469 4294 603 4387 scriptor
624 4294 765 4361 consulto
788 4295 868 4362 effici
888 4296 1030 4362 voluerit.
