2836 4814
692 301 731 366 29

143 492 402 573 cusationemque
418 488 513 552 claris
529 488 784 553 circumscribere
799 487 913 554 verbis.
958 491 1027 569 Qua
1049 489 1088 553 de
1110 507 1145 553 re
1166 488 1195 554 ei
1218 511 1281 555 non

144 593 277 670 licebat,
300 613 359 656 sua
380 592 476 674 culpa
498 592 682 674 scrupulum
704 591 844 655 iudicum
867 592 982 656 aminis
1004 592 1149 669 iniicere,
1172 598 1281 656 utrum

145 696 332 761 fidissimum
364 717 398 760 re
421 714 496 759 vera
528 693 640 758 fnisset
670 693 843 758 subsidium
875 715 933 759 nec
961 715 1017 773 ne,
1055 689 1138 777 quod
1160 694 1280 759 factum

146 803 245 876 esset,
289 797 315 861 si
352 797 484 880 „quasi“
520 796 768 861 attribueremus
805 795 1069 878 significationem
1106 797 1173 875 „als
1209 797 1279 862 0b“.

146 903 247 966 Immo
269 899 440 983 respondet
455 903 563 962 nostro
586 898 654 963 loco
670 917 802 981 graecae
824 898 1001 982 particulae
1024 891 1118 978 ,,ὦς“,
1148 900 1280 983 „quaei“

146 1003 318 1092 particula:
342 995 386 1078 ὥς
408 995 455 1077 εἰς
475 995 689 1084 βεβαιότατον
710 993 838 1066 ἄσυλον,

230 1106 345 1172 Annal.
368 1107 422 1186 VI,
445 1105 547 1182 XVII,
573 1106 620 1167 14.
644 1103 851 1187 „Primusque
874 1104 1011 1169 Messala
1034 1105 1189 1170 Corvinus
1208 1122 1280 1170 eam

144 1216 336 1298 potestatem
359 1215 391 1274 et
412 1227 531 1293 paucos
552 1209 639 1270 intra
661 1206 729 1270 dies
749 1205 846 1271 finem
867 1207 1004 1292 accepit,
1041 1211 1133 1292 quasi
1156 1211 1280 1275 nescius

142 1313 340 1380 exercendi‘.

229 1418 303 1482 Jam
319 1417 350 1498 *J
372 1412 485 1491 verba,
519 1431 601 1494 quae
627 1416 821 1492 sequuntur:
859 1417 947 1491 „tum
978 1413 1101 1477 Taurus
1125 1414 1280 1496 Statilius,

145 1539 343 1604 quamquam
364 1520 515 1601 provecta
537 1518 659 1591 aetate,
691 1514 816 1595 egregie
838 1516 1007 1580 toleravit“
1028 1537 1086 1581 nos
1107 1516 1281 1590 monebunt

145 1643 185 1687 ne
207 1627 370 1707 putemus,
394 1615 564 1682 Messalam
586 1614 737 1679 simulata
759 1636 798 1680 ex
820 1637 917 1681 causa
938 1616 1034 1682 finem
1057 1619 1279 1702 praefecturae

145 1723 217 1790 urbi
238 1723 405 1807 accepisse.
450 1718 580 1784 Accedit
602 1719 685 1801 quod
709 1719 839 1784 Hieron.
861 1719 1000 1785 chronio.
1017 1721 1130 1787 Euseb.
1149 1722 1279 1788 01.188.

146 1835 180 1907 4,
217 1825 388 1891 memoriae
418 1821 552 1887 tradidit
579 1819 639 1885 hac
669 1820 708 1885 de
737 1841 789 1885 rc:
828 1828 937 1900 „sexto
961 1822 1011 1887 die
1033 1825 1223 1906 magistratu
1245 1844 1279 1889 ee

144 1929 303 1996 abdicavIt
325 1926 483 1992 incivilem
518 1928 710 2008 potestatem
741 1943 808 1986 esse
841 1929 1051 1988 contestans“.
1097 1926 1281 2012 Respondet

143 2035 241 2118 igitur
260 2031 348 2096 Iocus
363 2028 492 2094 voculae
509 2045 658 2110 graecae:
680 2018 748 2106 „aig
762 2017 898 2112 dimergar
912 2019 1021 2106 iiuad‘,
1044 2030 1133 2107 „weil
1155 2051 1190 2095 er
1211 2034 1279 2097 sein

143 2143 211 2201 arnt
242 2134 333 2199 nicht
361 2130 560 2198 auszufiillen
590 2128 801 2194 vermochte“.
853 2128 901 2194 cn
926 2130 1059 2215 Xriiger,
1082 2154 1128 2214 gr.
1152 2135 1203 2198 Gr.
1228 2139 1279 2214 69,

143 2243 193 2319 63,
216 2243 245 2303 3.

231 2339 344 2404 Annal.
367 2339 440 2418 XII,
461 2335 655 2411 XXXXVII,
679 2338 707 2398 9.
739 2333 797 2413 „Id
823 2333 935 2400 foedus
957 2356 1109 2401 arcanum
1131 2336 1276 2420 habetur,

145 2445 238 2527 quasi
260 2449 371 2506 mutuo
394 2459 505 2505 cruore
527 2443 717 2502 sacratum“.

232 2544 335 2624 „Weil
356 2564 389 2607 es
410 2530 508 2606 durch
531 2542 581 2606 die
603 2541 825 2624 vermischung
855 2539 910 2605 des
937 2540 1022 2605 bluts
1043 2537 1152 2608 beider
1172 2545 1277 2628 gehei-

145 2650 205 2732 Iigt
228 2656 320 2712 uar“.
365 2645 446 2710 Nam
469 2644 663 2709 antecedunt
680 2643 792 2708 verbe:
816 2643 878 2708 levi
899 2645 965 2708 ictu
981 2664 1125 2710 cruorem
1148 2646 1279 2713 eliciunt

143 2759 241 2836 atque
262 2751 398 2816 invicem
419 2748 572 2812 lambunt.

229 2852 341 2918 Annal.
364 2851 437 2930 XII,
460 2851 721 2930 xxxxv11,20.
744 2850 807 2929 „Et
828 2850 1050 2931 Radamistus,
1072 2854 1163 2935 quasi
1185 2854 1278 2918 iuris·

144 2955 271 3020 iurandi
293 2973 423 3031 memor,
448 2975 511 3018 non
534 2954 667 3030 ferrum,
691 2973 753 3018 non
774 2972 930 3016 venenum
952 2954 984 3017 in
1007 2973 1146 3019 sororem
1168 2962 1201 3020 et
1222 2976 1278 3041 pa·

145 3063 253 3122 truum
274 3056 444 3141 expromit,
467 3056 522 3121 sed
544 3058 701 3140 proiectos
721 3057 753 3120 in
774 3054 907 3120 humum
929 3063 962 3120 et
977 3062 1062 3122 veste
1084 3058 1185 3123 multa
1207 3079 1278 3141 gra-

143 3161 238 3244 vique
259 3164 385 3244 opertos
406 3163 529 3222 necat“.
1217 3212 1218 3215 ,

231 3263 386 3340 Consilio,
415 3254 475 3342 (ὡς
496 3255 641 3347 μνήμων)
665 3260 741 3343 quia
762 3260 970 3325 iurisiurandi
992 3281 1055 3344 quo
1078 3263 1277 3345 promiserat,
1328 3258 1330 3266 ⁴

144 3385 207 3428 non
229 3364 361 3443 ferrum,
398 3384 463 3429 non
485 3384 606 3429 veneno
628 3365 691 3428 vim
721 3385 754 3427 se
777 3362 960 3427 adlaturum
981 3384 1044 3430 non
1068 3365 1185 3431 oblitus
1207 3373 1277 3431 erat

144 3466 349 3532 Radamistus
371 3467 435 3530 alia
457 3469 509 3530 via
530 3486 669 3531 sororem
693 3472 726 3531 et
746 3469 897 3550 patruum
920 3466 1089 3531 interfecit.

230 3571 342 3634 Annal.
364 3571 454 3649 XIII,
476 3571 595 3648 XVIII,
618 3573 647 3633 8.
680 3569 802 3652 „Super
831 3568 1007 3652 ingenitam
1029 3569 1197 3634 avaritiam
1219 3592 1277 3636 un-

144 3672 240 3756 dique
262 3672 412 3755 pecunias
435 3673 527 3754 quasi
549 3673 583 3736 iu
605 3671 780 3736 subsidium
803 3672 1007 3755 corripiens“.

228 3776 403 3860 Agrippina
419 3774 537 3839 Neroni
553 3775 755 3839 vehementer
775 3774 859 3838 irata
874 3792 936 3838 non
959 3773 1121 3840 simulavit
1142 3779 1276 3853 tantum,

144 3900 176 3944 se
200 3879 374 3944 subsidium
396 3877 560 3959 consequi,
597 3877 652 3941 sed
674 3876 821 3940 omnibus
848 3875 971 3940 artibus
993 3882 1105 3941 contra
1127 3899 1198 3942 eum
1219 3901 1277 3963 pu·

138 3984 249 4067 goarii
276 4001 374 4065 reque
405 4000 481 4044 vera
509 3978 684 4043 subsidium
714 3979 774 4043 sibi
806 3998 994 4063 comparare
1024 3981 1165 4057 studuit,
1203 4004 1276 4064 qno,

142 4086 221 4150 data
242 4086 405 4149 occasione
428 4088 539 4148 contra
558 4079 660 4146 filium
684 4086 837 4145 uteretur.

194 4313 219 4381 *l
238 4311 277 4366 cr.
296 4309 399 4376 worn,
418 4308 518 4362 nuru.
536 4308 635 4374 xxxv,
653 4325 700 4378 μς.
720 4310 779 4362 121.
