2836 4814
173 1233 211 1297 In
253 1232 354 1298 lexico
390 1231 518 1297 Taciteo
561 1253 581 1295 a
618 1231 700 1295 Guil.
739 1231 941 1297 Boettichero
984 1252 1069 1296 anno
1105 1232 1227 1298 domini

89 1332 326 1400 MDCCCXXX
347 1336 535 1419 composito,
565 1333 651 1418 quod
673 1333 766 1398 hodie
788 1355 914 1418 qnoque
936 1340 1054 1399 temere
1077 1355 1226 1419 spernere

89 1457 153 1501 non
175 1436 251 1500 licet
272 1442 305 1501 et
326 1459 403 1521 quo,
433 1443 470 1501 nt
491 1443 636 1516 utamur,
666 1437 693 1501 si
715 1435 754 1500 de
784 1436 879 1501 rebus
901 1436 1038 1501 Taciteis
1060 1436 1225 1521 disputare

89 1538 237 1616 velimus,
259 1539 446 1603 necessitate
461 1539 575 1622 magis,
599 1538 749 1622 quoniam
766 1539 854 1602 aliud
869 1538 1054 1622 meliusque*
1067 1539 1097 1603 in
1121 1560 1226 1623 prom-

89 1645 147 1724 ptu
170 1661 232 1705 non
255 1647 321 1718 est,
354 1661 450 1724 quam
473 1643 575 1725 pretio
605 1642 672 1706 eins
694 1646 727 1705 et
748 1640 920 1705 virtutibus
942 1641 1092 1724 cogimur,
1126 1641 1226 1725 parti·

90 1743 231 1808 cularum
255 1745 541 1828 comparativarum
571 1748 768 1827 „tamquam
797 1743 904 1827 quasi,
936 1743 1053 1822 velut“,
1089 1763 1139 1807 me
1168 1743 1226 1808 mi·

89 1846 175 1909 nima
197 1846 324 1929 quidem
348 1848 467 1911 mentio
489 1845 575 1911 facta
597 1853 654 1910 est.
700 1846 824 1910 Primus
846 1845 885 1910 de
908 1867 967 1910 usn
989 1845 1103 1910 harum
1127 1846 1226 1930 parti·

89 1948 250 2026 cularum,
287 1950 390 2032 qualis
420 1950 505 2033 apud
534 1949 679 2014 Tacitum
709 1953 829 2027 exstat,
866 1949 1047 2013 accuratius
1077 1948 1227 2013 disseruit

89 2050 270 2133 optimeque
293 2050 332 2115 de
355 2073 464 2116 earum
488 2051 698 2136 explicatione
720 2051 854 2116 meritus
876 2057 925 2116 est
946 2050 1228 2115 EduardusWdlf-

89 2150 185 2216 liuius
206 2153 260 2234 qui
283 2152 453 2237 diligenter
474 2153 684 2237 distingueret
712 2154 797 2218 inter
820 2153 1100 2236 significationem,
1130 2175 1226 2236 quam

90 2253 240 2319 exhibent
269 2256 301 2319 in
332 2256 609 2322 enunciationibus
632 2257 857 2340 comparativis
888 2257 1017 2341 (quibus
1039 2262 1096 2320 aut
1118 2256 1228 2321 simili-

90 2355 234 2421 tudinem
264 2363 322 2422 aut
353 2359 488 2443 speciem
521 2359 634 2430 falsam
666 2358 889 2444 introducunt)
921 2367 1018 2442 atque
1048 2358 1131 2422 inter
1163 2359 1243 2423 vim-

92 2458 266 2538 causalem,
304 2481 398 2543 qnam
421 2461 636 2544 compluribus
666 2461 743 2525 locis
765 2482 804 2526 cx
827 2481 914 2525 more
938 2462 1065 2544 linguae
1088 2459 1227 2526 Graecae

93 2557 229 2642 adeptae
259 2562 387 2646 sunt*).
432 2564 534 2641 Quam
564 2564 733 2629 secundam
760 2562 991 2647 particularum
1013 2564 1088 2643 vim,
1125 2584 1165 2627 ne
1187 2563 1226 2628 dc

92 2662 299 2727 veterioribus
322 2664 425 2730 dicam
447 2667 678 2749 grammaticis,
708 2668 900 2731 recentiores
922 2687 1063 2750 quoqne,
1086 2667 1140 2749 qni
1162 2667 1226 2750 pri·

91 2764 150 2829 mis
172 2767 271 2830 nostri
301 2767 418 2832 saeculi
445 2771 640 2853 temporibus
669 2769 847 2834 floruerunt
868 2789 970 2853 neque
999 2767 1227 2834 intellexerunt

91 2889 193 2951 neque
215 2868 461 2952 explicaverunt.
507 2873 688 2956 Zumptium
719 2872 818 2936 solum
850 2872 988 2953 cognitio
1010 2872 1147 2936 causalis
1169 2892 1227 2936 na-

90 2974 183 3034 turae
206 2972 338 3054 „qnasi“
366 2973 543 3056 particulae
565 2997 628 3040 non
651 2996 780 3059 prorsus
801 2973 947 3058 effugisse
969 2974 1111 3051 videtur,
1141 2974 1226 3057 qnod

90 3073 279 3158 intelligitur
301 3097 339 3140 ex
362 3075 465 3141 verbis
487 3079 634 3162 eius**):
672 3076 783 3155 „Auch
804 3078 910 3160 quasi,
943 3075 991 3140 als
1013 3076 1067 3154 ob,
1099 3077 1157 3142 hat
1179 3075 1226 3141 oft

91 3175 143 3240 die
164 3176 345 3260 bedeutung
367 3179 422 3242 des
446 3181 596 3263 grundes,
619 3180 695 3245 aber
717 3179 772 3243 des
794 3178 950 3256 falschen3
988 3177 1069 3243 doch
1092 3178 1141 3243 bei
1164 3178 1225 3244 Ta·

90 3279 171 3343 citus
190 3279 272 3344 anch
294 3281 442 3345 unweilen
466 3282 522 3346 des
544 3281 781 3365 angegebenen,
812 3280 869 3344 der
890 3301 952 3343 nur
973 3279 1021 3344 als
1043 3279 1132 3345 nicht
1154 3280 1224 3346 hin·

90 3380 241 3446 reichend
262 3383 446 3448 bezeichnet
467 3383 592 3448 werden
613 3384 702 3462 soll“,
725 3383 842 3446 Annal.
865 3382 937 3459 XII,
960 3385 1000 3446 52
1024 3381 1224 3462 „Scribonia-

91 3503 151 3547 nus
172 3484 205 3548 in
227 3486 372 3550 exsilium
394 3485 514 3569 agitur,
552 3487 644 3570 quasi
673 3485 768 3550 finem
791 3486 943 3569 principis
966 3504 1023 3568 per
1046 3483 1224 3550 Chaldaeos

90 3581 301 3668 scrutaretur,
323 3608 356 3662 es
379 3609 442 3651 war
464 3589 541 3653 aber
557 3588 638 3653 auch
653 3586 796 3653 wirklieh
818 3592 882 3652 so“.
930 3587 1032 3668 Atque
1047 3585 1224 3652 TbKiess-

89 3687 156 3771 ling
178 3710 302 3773 quoque
330 3692 364 3756 in
394 3691 654 3757 adnotationibus
683 3691 724 3756 ad
746 3690 829 3754 Hist.
853 3690 878 3768 I,
901 3693 919 3753 6
949 3688 1076 3773 scriptis
1098 3695 1223 3754 senten·

89 3791 168 3854 tiam
197 3792 368 3872 waltheri,
402 3800 469 3857 tum
498 3795 538 3859 ab
568 3794 713 3859 omnibns
742 3793 807 3857 fere
834 3790 1016 3857 hominibus
1043 3791 1145 3855 doctis
1175 3812 1223 3857 re·

87 3899 212 3977 ceptam
228 3901 261 3960 et
275 3896 502 3979 approbatam:
526 3906 580 3977 „ut
595 3916 702 3961 veram
717 3896 874 3961 rationem
889 3893 1040 3971 indicare,
1063 3900 1222 3978 tamquam

139 4137 163 4205 *)
181 4137 219 4190 cf.
238 4136 378 4191 Leutschii
396 4136 465 4190 Phil.
484 4137 582 4203 XXIV,
600 4155 628 4206 p.
646 4137 696 4189 115
716 4152 776 4204 sqq.
795 4135 865 4204 „Elin
883 4134 1050 4189 verkannter
1069 4135 1222 4202 gricismus

87 4225 136 4279 des
154 4225 290 4278 Tacitus“.

121 4312 163 4382 **)
180 4313 294 4382 Zumpt,
313 4312 360 4364 lat.
379 4329 421 4380 gr.
439 4310 503 4381 Cap.
522 4313 568 4378 67,
588 4309 604 4379 ξ
622 4310 683 4362 346.
