2836 4814
622 294 661 366 41

76 490 166 564 runt,
203 486 289 551 nullo
312 487 449 552 hostium
473 489 649 553 sustinente
671 508 786 553 novum
808 510 846 554 ao
868 489 954 555 velut
974 491 1134 557 infernum
1156 494 1212 558 ad·

75 592 248 672 spectum‘t
727 646 729 652 ,
864 613 867 620 ’
1065 591 1068 598 ’

162 689 369 775 Cognoscitur
397 689 456 755 hoc
477 712 517 756 ex
544 691 613 757 loco
637 691 781 757 Tacitum
803 692 973 759 discrimen
994 696 1144 760 statuisse
1164 696 1212 760 in·

76 796 126 856 ter
148 792 393 875 significationes
415 815 527 859 vocum
550 794 695 876 ,feralis“
726 801 759 860 et
784 795 869 860 inter
893 795 1058 877 ,inferni“.
1102 798 1212 863 Levio-

76 914 142 958 rem
164 894 211 959 illi
233 895 331 979 priori
353 897 500 962 attribuit
522 899 601 976 vim,
638 918 709 962 cum
738 898 930 981 particulam
954 899 1150 981 „velut“.vel
1172 900 1212 966 si-

76 996 182 1061 milem
206 997 324 1062 addere
354 999 566 1065 necessarium
596 1023 659 1067 non
689 1001 865 1084 putaverit,
902 1002 1081 1085 graviorem
1102 1008 1211 1067 autem

76 1098 234 1164 secundas
255 1101 340 1174 voci,
369 1122 480 1184 quam,
511 1103 627 1168 omissa
649 1103 824 1187 particula,
855 1102 1007 1170 adhibere
1029 1125 1126 1170 ausus
1148 1125 1211 1171 uon

76 1205 133 1265 est.
177 1200 374 1285 Significabit
405 1204 503 1288 igitur
537 1204 672 1284 ,forale“
702 1206 751 1284 id,
787 1206 872 1288 quod
895 1207 1031 1291 quodam
1055 1205 1210 1273 modoad

76 1302 195 1368 inferos
216 1302 327 1370 referri
348 1311 454 1389 potest
476 1305 524 1371 vel
546 1307 657 1372 inferis
680 1307 780 1373 simile
803 1315 870 1388 est,
907 1309 1066 1374 inferuum
1090 1315 1211 1390 contra,

75 1406 161 1490 quod
183 1429 217 1472 re
238 1429 314 1473 vera
335 1408 376 1473 ad
398 1409 516 1473 inferos
538 1409 676 1493 pertinet
692 1410 740 1474 vel
763 1410 848 1494 apud
870 1431 924 1476 eos
946 1411 1116 1478 invenitur.
1161 1411 1209 1476 Cf.

78 1509 192 1573 Annal.
213 1510 255 1591 Il,
279 1515 318 1575 28
340 1518 373 1576 et
396 1516 452 1592 693
475 1512 558 1576 Hist.
584 1512 619 1589 V,
642 1516 672 1576 5.

164 1611 199 1675 ln
222 1613 368 1696 Agricola
389 1615 594 1679 inveniuntur
616 1615 778 1699 exempla,
801 1634 882 1697 quae
905 1621 1098 1697 sequuntur:

162 1714 264 1796 Agrio.
281 1716 320 1794 X,
348 1722 384 1780 14
408 1717 489 1797 ,Sed
511 1717 698 1781 immensum
720 1724 752 1781 ot
772 1737 899 1783 enorme
921 1715 1059 1801 spatium
1082 1738 1210 1810 procur·

76 1815 214 1880 rentium
235 1818 268 1882 in
293 1825 433 1884 extremo
455 1820 517 1884 iam
542 1819 634 1884 litore
663 1825 821 1884 terrarum
843 1820 932 1884 velut
951 1819 984 1883 in
1007 1839 1141 1884 cuneum
1164 1824 1210 1884 te·

76 1923 224 1983 nuatur“.
951 1905 960 1914 ‘

159 2023 262 2104 Agric.
285 2023 323 2100 X,
347 2025 397 2087 27.
432 2022 556 2102 ,Unum
584 2023 776 2102 addiderim,
804 2042 962 2106 nusquam
992 2020 1089 2086 latius
1110 2021 1209 2086 domi·

74 2122 146 2187 nari
168 2144 274 2202 mare,
312 2124 447 2189 multum
469 2124 635 2189 fluminum
657 2124 720 2190 huc
743 2129 838 2208 atque
860 2124 936 2189 illuc
956 2123 1054 2203 ferro,
1091 2144 1149 2189 nec
1171 2123 1209 2188 li-

73 2231 143 2290 tore
165 2231 257 2291 tenus
279 2227 459 2292 adcrescere
490 2232 546 2292 aut
577 2228 747 2307 resorberi,
784 2228 839 2292 sed
860 2226 994 2292 influere
1014 2225 1141 2309 penitus
1163 2230 1210 2291 at

73 2349 136 2411 que
158 2328 294 2408 ambire,
325 2336 357 2394 et
377 2329 459 2413 iugis
481 2332 577 2395 etiam
598 2352 638 2396 ac
659 2330 819 2396 montibus
840 2329 936 2395 inseri
957 2327 1043 2394 velut
1064 2328 1096 2392 in
1121 2333 1209 2393 suo“.

161 2429 311 2495 Conferas
333 2431 397 2496 Cio.
420 2432 461 2497 ad
484 2432 579 2498 Attio.
607 2436 654 2510 13,
680 2438 707 2496 1.
742 2432 843 2514 ,Nam
865 2431 1022 2515 quomodo
1045 2450 1130 2494 nuno
1151 2434 1208 2511 est,

74 2530 186 2614 pedem
208 2532 263 2596 ubi
282 2540 380 2617 ponat
399 2534 434 2599 ia
455 2556 510 2599 auo
532 2555 595 2600 non
617 2533 744 2600 habet“.

164 2635 266 2718 Agris.
289 2635 373 2715 XVI,
386 2640 434 2700 22.
460 2636 666 2718 ,Trebellium
688 2638 764 2722 fuga
786 2655 824 2700 ao
845 2632 976 2700 latebris
997 2633 1098 2699 vitata
1119 2654 1210 2700 exer-

72 2737 154 2803 citus
177 2737 226 2802 ira
249 2738 414 2804 indecorus
436 2746 533 2823 atque
554 2739 697 2817 humilis,
726 2738 870 2824 precario
892 2756 966 2801 mox
988 2736 1140 2822 praefuit,
1170 2758 1209 2803 ao

71 2840 159 2905 velut
180 2842 281 2925 pacti,
305 2841 462 2906 exercitus
483 2841 659 2920 licentiam,
691 2842 756 2907 dux
777 2840 928 2920 salutem,
951 2843 984 2903 ot
1004 2839 1118 2905 seditio
1140 2839 1208 2904 sine

71 2944 224 3028 sanguino
245 2943 362 3009 stetit“.

157 3044 260 3109 Pudet
279 3064 386 3108 rerum
407 3045 593 3129 scriptorem
608 3045 766 3127 vocabuli,
787 3066 850 3129 quo
871 3065 948 3110 usus
963 3049 1012 3109 cst
1030 3049 1065 3110 et
1085 3064 1207 3111 summo

72 3168 143 3212 oum
182 3146 280 3210 animi
317 3145 425 3210 dolore
460 3147 582 3213 lacinus
613 3154 679 3214 tam
713 3147 993 3226 contumeliosum,
1028 3149 1207 3233 pactionem

70 3251 167 3316 inisse
188 3249 299 3313 ducem
323 3268 396 3313 cum
417 3249 570 3329 exercitu,
603 3258 640 3317 ut
661 3251 757 3317 saluti
778 3271 854 3317 suae
876 3250 1069 3330 consuleret,
1090 3270 1207 3315 memo·

70 3354 137 3417 riae
158 3351 300 3416 tradidit.
348 3354 511 3432 Attamen,
548 3373 619 3418 cum
648 3353 769 3419 nullam
790 3354 887 3418 aliam
917 3352 952 3417 in
980 3358 1130 3438 promptu
1151 3352 1206 3418 ha·

70 3454 160 3520 beret
181 3474 302 3532 vocem,
339 3474 403 3538 qua
424 3455 536 3520 melius
558 3462 591 3520 et
613 3457 792 3521 accuratius
814 3457 980 3520 veritatem
1002 3455 1066 3535 rei,
1103 3455 1207 3539 qualis

68 3556 195 3635 fuisset,
217 3555 423 3637 describeret,
447 3557 635 3622 vocabulum
659 3558 856 3642 „pangendi“
879 3556 1041 3637 adhibuit,
1071 3557 1125 3623 sed
1148 3580 1206 3640 pu·

70 3659 146 3724 dore
169 3664 357 3736 commotus,
392 3661 482 3742 quasi
506 3665 542 3725 ut
563 3659 679 3725 leniret
700 3660 847 3726 acerbam
869 3659 1054 3739 veritatem,
1079 3660 1203 3741 „volut“

64 3760 259 3844 ,particulam
282 3760 415 3826 addidit.

155 3863 256 3946 Agric.
289 3864 409 3942 XXIII,
444 3868 473 3928 6.
514 3863 705 3944 „Summotis
740 3864 827 3931 velut
862 3864 896 3928 in
932 3863 1029 3927 aliam
1066 3863 1204 3929 insulam

66 3964 241 4032 hostibus“.

154 4067 256 4152 Agric.
275 4066 390 4147 XXIV,
403 4071 450 4132 16.
475 4067 595 4152 „quue
616 4069 713 4135 etiam
735 4068 885 4134 adversus
907 4067 1108 4132 Britanniam
1131 4087 1204 4150 pro-

66 4171 224 4249 futurum,
260 4159 286 4235 si
308 4168 454 4236 Romana
481 4170 598 4255 ubique
624 4192 715 4237 arma
743 4177 776 4237 et
798 4171 884 4236 velut
905 4191 945 4235 ex
967 4172 1137 4254 conspectu
1166 4167 1204 4234 li-

65 4272 173 4340 bertas
195 4272 391 4339 tolleretur“.
