<?xml version="1.0" encoding="UTF-8"?>
<!DOCTYPE html PUBLIC "-//W3C//DTD XHTML 1.0 Transitional//EN"
    "http://www.w3.org/TR/xhtml1/DTD/xhtml1-transitional.dtd">
<html xmlns="http://www.w3.org/1999/xhtml" xml:lang="en" lang="en">
 <head>
  <title>
</title>
<meta http-equiv="Content-Type" content="text/html;charset=utf-8" />
  <meta name='ocr-system' content='tesseract 3.04.00' />
  <meta name='ocr-capabilities' content='ocr_page ocr_carea ocr_par ocr_line ocrx_word'/>
</head>
<body>
  <div class='ocr_page' id='page_1' title='image "./departicularumq00hahngoog_0056.png"; bbox 0 0 2836 4814; ppageno 0'>
   <div class='ocr_carea' id='block_1_1' title="bbox 630 343 668 405">
    <p class='ocr_par' dir='ltr' id='par_1_1' title="bbox 630 343 668 405">
     <span class='ocr_line' id='line_1_1' title="bbox 630 343 668 405; baseline 0 0"><span class='ocrx_word' id='word_1_1' title='bbox 630 343 668 405; x_wconf 79' lang='lat' dir='ltr'><strong>nl</strong></span> 
     </span>
    </p>
   </div>
   <div class='ocr_carea' id='block_1_2' title="bbox 89 526 1222 4282">
    <p class='ocr_par' dir='ltr' id='par_1_2' title="bbox 89 526 1222 4177">
     <span class='ocr_line' id='line_1_2' title="bbox 90 526 1219 610; baseline 0.002 -18"><span class='ocrx_word' id='word_1_2' title='bbox 90 527 270 593; x_wconf 90' lang='lat' dir='ltr'><strong>cendorum.</strong></span> <span class='ocrx_word' id='word_1_3' title='bbox 314 526 402 605; x_wconf 81' lang='lat' dir='ltr'><strong>Quae</strong></span> <span class='ocrx_word' id='word_1_4' title='bbox 435 526 551 593; x_wconf 84' lang='lat' dir='ltr'><strong>similia</strong></span> <span class='ocrx_word' id='word_1_5' title='bbox 578 546 649 594; x_wconf 88' lang='lat' dir='ltr'><strong>cum</strong></span> <span class='ocrx_word' id='word_1_6' title='bbox 678 527 750 595; x_wconf 89' lang='lat' dir='ltr'><strong>ideo</strong></span> <span class='ocrx_word' id='word_1_7' title='bbox 778 531 991 610; x_wconf 73' lang='lat' dir='ltr'><strong>usurpantur,</strong></span> <span class='ocrx_word' id='word_1_8' title='bbox 1014 531 1065 594; x_wconf 86' lang='grc' dir='ltr'><strong>,ιι</strong></span> <span class='ocrx_word' id='word_1_9' title='bbox 1082 527 1219 595; x_wconf 82' lang='lat' dir='ltr'><strong>sermoni</strong></span> 
     </span>
     <span class='ocr_line' id='line_1_3' title="bbox 90 627 1220 714; baseline 0.002 -22"><span class='ocrx_word' id='word_1_10' title='bbox 90 627 213 711; x_wconf 82' lang='lat' dir='ltr'><strong>vulgari</strong></span> <span class='ocrx_word' id='word_1_11' title='bbox 242 633 275 692; x_wconf 90' lang='lat' dir='ltr'><strong>et</strong></span> <span class='ocrx_word' id='word_1_12' title='bbox 303 629 438 714; x_wconf 84' lang='lat' dir='ltr'><strong>simplici</strong></span> <span class='ocrx_word' id='word_1_13' title='bbox 459 629 645 694; x_wconf 85' lang='lat' dir='ltr'><strong>varietatem</strong></span> <span class='ocrx_word' id='word_1_14' title='bbox 674 629 843 696; x_wconf 85' lang='lat' dir='ltr'><strong>iucundam</strong></span> <span class='ocrx_word' id='word_1_15' title='bbox 871 629 1016 695; x_wconf 89' lang='lat' dir='ltr'><strong>inserant</strong></span> <span class='ocrx_word' id='word_1_16' title='bbox 1035 629 1220 712; x_wconf 83' lang='lat' dir='ltr'><strong>addantquo</strong></span> 
     </span>
     <span class='ocr_line' id='line_1_4' title="bbox 90 724 1219 815; baseline 0.001 -22"><span class='ocrx_word' id='word_1_17' title='bbox 90 730 224 815; x_wconf 90' lang='lat' dir='ltr'><strong>speciem</strong></span> <span class='ocrx_word' id='word_1_18' title='bbox 246 735 376 794; x_wconf 88' lang='lat' dir='ltr'><strong>ornatus</strong></span> <span class='ocrx_word' id='word_1_19' title='bbox 397 731 560 796; x_wconf 91' lang='lat' dir='ltr'><strong>cuiusdam</strong></span> <span class='ocrx_word' id='word_1_20' title='bbox 581 733 726 812; x_wconf 89' lang='lat' dir='ltr'><strong>oratorii,</strong></span> <span class='ocrx_word' id='word_1_21' title='bbox 747 738 816 798; x_wconf 87' lang='lat' dir='ltr'><strong>tum</strong></span> <span class='ocrx_word' id='word_1_22' title='bbox 831 724 968 796; x_wconf 75' lang='lat' dir='ltr'><strong>marimo</strong></span> <span class='ocrx_word' id='word_1_23' title='bbox 991 744 1027 798; x_wconf 86' lang='lat' dir='ltr'><strong>eo</strong></span> <span class='ocrx_word' id='word_1_24' title='bbox 1050 751 1142 797; x_wconf 86' lang='lat' dir='ltr'><strong>sensu</strong></span> <span class='ocrx_word' id='word_1_25' title='bbox 1164 729 1219 795; x_wconf 86' lang='lat' dir='ltr'><strong>ad·</strong></span> 
     </span>
     <span class='ocr_line' id='line_1_5' title="bbox 90 827 1220 917; baseline 0 -21"><span class='ocrx_word' id='word_1_26' title='bbox 90 832 279 897; x_wconf 88' lang='lat' dir='ltr'><strong>hibentura</strong></span> <span class='ocrx_word' id='word_1_27' title='bbox 308 829 530 917; x_wconf 74' lang='lat' dir='ltr'><strong>scriptoribus,</strong></span> <span class='ocrx_word' id='word_1_28' title='bbox 565 839 602 897; x_wconf 89' lang='lat' dir='ltr'><strong>ut</strong></span> <span class='ocrx_word' id='word_1_29' title='bbox 627 853 709 917; x_wconf 88' lang='lat' dir='ltr'><strong>quae</strong></span> <span class='ocrx_word' id='word_1_30' title='bbox 737 827 881 900; x_wconf 81' lang='lat' dir='ltr'><strong>adhiblta</strong></span> <span class='ocrx_word' id='word_1_31' title='bbox 908 852 984 899; x_wconf 80' lang='lat' dir='ltr'><strong>voce</strong></span> <span class='ocrx_word' id='word_1_32' title='bbox 1011 831 1220 898; x_wconf 82' lang='lat' dir='ltr'><strong>usitatissima</strong></span> 
     </span>
     <span class='ocr_line' id='line_1_6' title="bbox 91 932 1220 1020; baseline -0.001 -21"><span class='ocrx_word' id='word_1_33' title='bbox 91 953 222 1016; x_wconf 89' lang='lat' dir='ltr'><strong>eamque</strong></span> <span class='ocrx_word' id='word_1_34' title='bbox 254 953 348 1018; x_wconf 82' lang='lat' dir='ltr'><strong>saepe</strong></span> <span class='ocrx_word' id='word_1_35' title='bbox 377 934 416 1000; x_wconf 92' lang='lat' dir='ltr'><strong>ob</strong></span> <span class='ocrx_word' id='word_1_36' title='bbox 446 954 573 1000; x_wconf 90' lang='lat' dir='ltr'><strong>causam</strong></span> <span class='ocrx_word' id='word_1_37' title='bbox 602 932 780 1001; x_wconf 74' lang='lat' dir='ltr'><strong>obscuriore</strong></span> <span class='ocrx_word' id='word_1_38' title='bbox 803 937 892 1020; x_wconf 86' lang='lat' dir='ltr'><strong>(nam</strong></span> <span class='ocrx_word' id='word_1_39' title='bbox 921 948 996 1000; x_wconf 87' lang='lat' dir='ltr'><strong>usus</strong></span> <span class='ocrx_word' id='word_1_40' title='bbox 1017 934 1220 1018; x_wconf 80' lang='lat' dir='ltr'><strong>quotidianus</strong></span> 
     </span>
     <span class='ocr_line' id='line_1_7' title="bbox 90 1030 1218 1122; baseline 0.001 -23"><span class='ocrx_word' id='word_1_41' title='bbox 90 1036 234 1120; x_wconf 87' lang='lat' dir='ltr'><strong>proprias</strong></span> <span class='ocrx_word' id='word_1_42' title='bbox 256 1037 471 1120; x_wconf 82' lang='lat' dir='ltr'><strong>genuinasque</strong></span> <span class='ocrx_word' id='word_1_43' title='bbox 492 1036 658 1102; x_wconf 87' lang='lat' dir='ltr'><strong>verborum</strong></span> <span class='ocrx_word' id='word_1_44' title='bbox 680 1030 923 1121; x_wconf 81' lang='lat' dir='ltr'><strong>significationes</strong></span> <span class='ocrx_word' id='word_1_45' title='bbox 948 1050 1072 1122; x_wconf 80' lang='lat' dir='ltr'><strong>semper</strong></span> <span class='ocrx_word' id='word_1_46' title='bbox 1094 1036 1218 1120; x_wconf 83' lang='lat' dir='ltr'><strong>atterit)</strong></span> 
     </span>
     <span class='ocr_line' id='line_1_8' title="bbox 91 1137 1219 1221; baseline 0 -18"><span class='ocrx_word' id='word_1_47' title='bbox 91 1140 194 1204; x_wconf 88' lang='lat' dir='ltr'><strong>minus</strong></span> <span class='ocrx_word' id='word_1_48' title='bbox 215 1138 304 1202; x_wconf 86' lang='lat' dir='ltr'><strong>clara</strong></span> <span class='ocrx_word' id='word_1_49' title='bbox 323 1143 357 1214; x_wconf 86' lang='lat' dir='ltr'><strong>et</strong></span> <span class='ocrx_word' id='word_1_50' title='bbox 378 1137 528 1203; x_wconf 86' lang='lat' dir='ltr'><strong>distincta</strong></span> <span class='ocrx_word' id='word_1_51' title='bbox 550 1144 742 1221; x_wconf 81' lang='lat' dir='ltr'><strong>appareant,</strong></span> <span class='ocrx_word' id='word_1_52' title='bbox 763 1140 828 1205; x_wconf 87' lang='lat' dir='ltr'><strong>alia</strong></span> <span class='ocrx_word' id='word_1_53' title='bbox 849 1139 944 1216; x_wconf 89' lang='lat' dir='ltr'><strong>simili</strong></span> <span class='ocrx_word' id='word_1_54' title='bbox 966 1145 999 1204; x_wconf 92' lang='lat' dir='ltr'><strong>et</strong></span> <span class='ocrx_word' id='word_1_55' title='bbox 1019 1137 1219 1204; x_wconf 87' lang='lat' dir='ltr'><strong>inusitatiors</strong></span> 
     </span>
     <span class='ocr_line' id='line_1_9' title="bbox 90 1238 1221 1327; baseline 0.001 -24"><span class='ocrx_word' id='word_1_56' title='bbox 90 1262 178 1320; x_wconf 89' lang='lat' dir='ltr'><strong>voce,</strong></span> <span class='ocrx_word' id='word_1_57' title='bbox 209 1247 247 1304; x_wconf 96' lang='grc' dir='ltr'><strong>ιιι</strong></span> <span class='ocrx_word' id='word_1_58' title='bbox 266 1240 313 1304; x_wconf 83' lang='grc' dir='ltr'><strong>ιιι</strong></span> <span class='ocrx_word' id='word_1_59' title='bbox 333 1238 453 1320; x_wconf 89' lang='lat' dir='ltr'><strong>dicam,</strong></span> <span class='ocrx_word' id='word_1_60' title='bbox 482 1239 601 1304; x_wconf 87' lang='lat' dir='ltr'><strong>auxilio</strong></span> <span class='ocrx_word' id='word_1_61' title='bbox 623 1244 748 1319; x_wconf 86' lang='lat' dir='ltr'><strong>vocata,</strong></span> <span class='ocrx_word' id='word_1_62' title='bbox 774 1261 873 1327; x_wconf 69' lang='lat' dir='ltr'><strong>uuam</strong></span> <span class='ocrx_word' id='word_1_63' title='bbox 894 1241 1030 1307; x_wconf 88' lang='lat' dir='ltr'><strong>maxime</strong></span> <span class='ocrx_word' id='word_1_64' title='bbox 1052 1240 1221 1324; x_wconf 87' lang='lat' dir='ltr'><strong>conspicua</strong></span> 
     </span>
     <span class='ocr_line' id='line_1_10' title="bbox 91 1339 1221 1428; baseline -0.003 -19"><span class='ocrx_word' id='word_1_65' title='bbox 91 1349 124 1409; x_wconf 87' lang='lat' dir='ltr'><strong>ot</strong></span> <span class='ocrx_word' id='word_1_66' title='bbox 147 1339 319 1405; x_wconf 87' lang='lat' dir='ltr'><strong>manifesta</strong></span> <span class='ocrx_word' id='word_1_67' title='bbox 341 1340 430 1407; x_wconf 87' lang='lat' dir='ltr'><strong>fiant.</strong></span> <span class='ocrx_word' id='word_1_68' title='bbox 474 1343 624 1406; x_wconf 81' lang='lat' dir='ltr'><strong>Attamen</strong></span> <span class='ocrx_word' id='word_1_69' title='bbox 639 1362 702 1407; x_wconf 91' lang='lat' dir='ltr'><strong>non</strong></span> <span class='ocrx_word' id='word_1_70' title='bbox 722 1343 769 1408; x_wconf 87' lang='lat' dir='ltr'><strong>ita</strong></span> <span class='ocrx_word' id='word_1_71' title='bbox 791 1350 974 1428; x_wconf 84' lang='lat' dir='ltr'><strong>comparata</strong></span> <span class='ocrx_word' id='word_1_72' title='bbox 995 1349 1044 1408; x_wconf 88' lang='lat' dir='ltr'><strong>est</strong></span> <span class='ocrx_word' id='word_1_73' title='bbox 1064 1362 1133 1424; x_wconf 84' lang='lat' dir='ltr'><strong>vox,</strong></span> <span class='ocrx_word' id='word_1_74' title='bbox 1156 1361 1221 1426; x_wconf 90' lang='lat' dir='ltr'><strong>qua</strong></span> 
     </span>
     <span class='ocr_line' id='line_1_11' title="bbox 90 1439 1220 1528; baseline -0.003 -18"><span class='ocrx_word' id='word_1_75' title='bbox 90 1445 193 1510; x_wconf 90' lang='lat' dir='ltr'><strong>simile</strong></span> <span class='ocrx_word' id='word_1_76' title='bbox 215 1443 411 1523; x_wconf 84' lang='lat' dir='ltr'><strong>continetur,</strong></span> <span class='ocrx_word' id='word_1_77' title='bbox 447 1449 484 1509; x_wconf 88' lang='lat' dir='ltr'><strong>ut</strong></span> <span class='ocrx_word' id='word_1_78' title='bbox 512 1439 601 1510; x_wconf 90' lang='lat' dir='ltr'><strong>nullo</strong></span> <span class='ocrx_word' id='word_1_79' title='bbox 630 1466 701 1509; x_wconf 90' lang='lat' dir='ltr'><strong>cum</strong></span> <span class='ocrx_word' id='word_1_80' title='bbox 731 1445 864 1511; x_wconf 90' lang='lat' dir='ltr'><strong>rationis</strong></span> <span class='ocrx_word' id='word_1_81' title='bbox 885 1445 1075 1511; x_wconf 89' lang='lat' dir='ltr'><strong>detrimento</strong></span> <span class='ocrx_word' id='word_1_82' title='bbox 1106 1463 1164 1528; x_wconf 89' lang='lat' dir='ltr'><strong>pro</strong></span> <span class='ocrx_word' id='word_1_83' title='bbox 1185 1462 1220 1508; x_wconf 86' lang='lat' dir='ltr'><strong>re</strong></span> 
     </span>
     <span class='ocr_line' id='line_1_12' title="bbox 90 1536 1221 1631; baseline -0.001 -21"><span class='ocrx_word' id='word_1_84' title='bbox 90 1564 166 1610; x_wconf 85' lang='lat' dir='ltr'><strong>vera</strong></span> <span class='ocrx_word' id='word_1_85' title='bbox 187 1544 261 1628; x_wconf 93' lang='lat' dir='ltr'><strong>poni</strong></span> <span class='ocrx_word' id='word_1_86' title='bbox 281 1545 397 1628; x_wconf 86' lang='lat' dir='ltr'><strong>possit,</strong></span> <span class='ocrx_word' id='word_1_87' title='bbox 419 1544 475 1610; x_wconf 91' lang='lat' dir='ltr'><strong>sod</strong></span> <span class='ocrx_word' id='word_1_88' title='bbox 496 1547 543 1612; x_wconf 92' lang='lat' dir='ltr'><strong>ita</strong></span> <span class='ocrx_word' id='word_1_89' title='bbox 565 1554 733 1631; x_wconf 89' lang='lat' dir='ltr'><strong>usurpata,</strong></span> <span class='ocrx_word' id='word_1_90' title='bbox 754 1553 870 1613; x_wconf 91' lang='lat' dir='ltr'><strong>utnon</strong></span> <span class='ocrx_word' id='word_1_91' title='bbox 891 1548 961 1613; x_wconf 86' lang='lat' dir='ltr'><strong>tota</strong></span> <span class='ocrx_word' id='word_1_92' title='bbox 983 1536 1221 1628; x_wconf 84' lang='lat' dir='ltr'><strong>significationis</strong></span> 
     </span>
     <span class='ocr_line' id='line_1_13' title="bbox 91 1639 1220 1733; baseline -0.002 -21"><span class='ocrx_word' id='word_1_93' title='bbox 91 1639 151 1725; x_wconf 83' lang='lat' dir='ltr'><strong>vis,</strong></span> <span class='ocrx_word' id='word_1_94' title='bbox 187 1667 268 1730; x_wconf 88' lang='lat' dir='ltr'><strong>quae</strong></span> <span class='ocrx_word' id='word_1_95' title='bbox 289 1646 318 1711; x_wconf 91' lang='lat' dir='ltr'><strong>ei</strong></span> <span class='ocrx_word' id='word_1_96' title='bbox 338 1640 497 1727; x_wconf 87' lang='lat' dir='ltr'><strong>inhaeret,</strong></span> <span class='ocrx_word' id='word_1_97' title='bbox 532 1649 603 1728; x_wconf 90' lang='lat' dir='ltr'><strong>sed,</strong></span> <span class='ocrx_word' id='word_1_98' title='bbox 633 1650 659 1714; x_wconf 92' lang='lat' dir='ltr'><strong>si</strong></span> <span class='ocrx_word' id='word_1_99' title='bbox 681 1645 785 1716; x_wconf 86' lang='lat' dir='ltr'><strong>dicere</strong></span> <span class='ocrx_word' id='word_1_100' title='bbox 805 1649 894 1730; x_wconf 88' lang='lat' dir='ltr'><strong>licet,</strong></span> <span class='ocrx_word' id='word_1_101' title='bbox 927 1669 1001 1733; x_wconf 91' lang='lat' dir='ltr'><strong>pars</strong></span> <span class='ocrx_word' id='word_1_102' title='bbox 1023 1648 1149 1713; x_wconf 90' lang='lat' dir='ltr'><strong>tantum</strong></span> <span class='ocrx_word' id='word_1_103' title='bbox 1169 1644 1220 1712; x_wconf 84' lang='lat' dir='ltr'><strong>vol</strong></span> 
     </span>
     <span class='ocr_line' id='line_1_14' title="bbox 91 1743 1221 1835; baseline 0.001 -23"><span class='ocrx_word' id='word_1_104' title='bbox 91 1749 177 1833; x_wconf 87' lang='lat' dir='ltr'><strong>regio</strong></span> <span class='ocrx_word' id='word_1_105' title='bbox 200 1753 286 1813; x_wconf 88' lang='lat' dir='ltr'><strong>certa</strong></span> <span class='ocrx_word' id='word_1_106' title='bbox 309 1743 547 1830; x_wconf 84' lang='lat' dir='ltr'><strong>significationis</strong></span> <span class='ocrx_word' id='word_1_107' title='bbox 561 1750 697 1835; x_wconf 86' lang='lat' dir='ltr'><strong>quadret</strong></span> <span class='ocrx_word' id='word_1_108' title='bbox 718 1749 751 1816; x_wconf 91' lang='grc' dir='ltr'><strong>ιι</strong></span> <span class='ocrx_word' id='word_1_109' title='bbox 773 1768 840 1816; x_wconf 87' lang='lat' dir='ltr'><strong>rem</strong></span> <span class='ocrx_word' id='word_1_110' title='bbox 862 1749 1040 1816; x_wconf 83' lang='lat' dir='ltr'><strong>accuratius</strong></span> <span class='ocrx_word' id='word_1_111' title='bbox 1060 1746 1221 1835; x_wconf 82' lang='lat' dir='ltr'><strong>explican-</strong></span> 
     </span>
     <span class='ocr_line' id='line_1_15' title="bbox 91 1841 1221 1936; baseline -0.001 -20"><span class='ocrx_word' id='word_1_112' title='bbox 91 1846 165 1916; x_wconf 89' lang='lat' dir='ltr'><strong>dam</strong></span> <span class='ocrx_word' id='word_1_113' title='bbox 187 1855 305 1917; x_wconf 88' lang='lat' dir='ltr'><strong>referat</strong></span> <span class='ocrx_word' id='word_1_114' title='bbox 305 1871 405 1934; x_wconf 90' lang='lat' dir='ltr'><strong>urque</strong></span> <span class='ocrx_word' id='word_1_115' title='bbox 434 1850 475 1915; x_wconf 90' lang='lat' dir='ltr'><strong>sd</strong></span> <span class='ocrx_word' id='word_1_116' title='bbox 502 1872 571 1917; x_wconf 91' lang='lat' dir='ltr'><strong>eam</strong></span> <span class='ocrx_word' id='word_1_117' title='bbox 599 1853 817 1918; x_wconf 86' lang='lat' dir='ltr'><strong>dilucidiorem</strong></span> <span class='ocrx_word' id='word_1_118' title='bbox 845 1841 1051 1918; x_wconf 89' lang='lat' dir='ltr'><strong>reddendam.</strong></span> <span class='ocrx_word' id='word_1_119' title='bbox 1095 1850 1221 1936; x_wconf 86' lang='lat' dir='ltr'><strong>Duplex</strong></span> 
     </span>
     <span class='ocr_line' id='line_1_16' title="bbox 90 1952 1221 2060; baseline -0.001 -41"><span class='ocrx_word' id='word_1_120' title='bbox 90 1960 198 2020; x_wconf 87' lang='lat' dir='ltr'><strong>autem</strong></span> <span class='ocrx_word' id='word_1_121' title='bbox 219 1959 268 2019; x_wconf 91' lang='lat' dir='ltr'><strong>est</strong></span> <span class='ocrx_word' id='word_1_122' title='bbox 288 1954 353 2060; x_wconf 84' lang='grc' dir='ltr'>ιιι,</span> <span class='ocrx_word' id='word_1_123' title='bbox 383 1972 447 2036; x_wconf 91' lang='lat' dir='ltr'><strong>qua</strong></span> <span class='ocrx_word' id='word_1_124' title='bbox 476 1953 535 2019; x_wconf 91' lang='lat' dir='ltr'><strong>hoo</strong></span> <span class='ocrx_word' id='word_1_125' title='bbox 563 1952 631 2020; x_wconf 87' lang='lat' dir='ltr'><strong>fieri</strong></span> <span class='ocrx_word' id='word_1_126' title='bbox 658 1959 776 2038; x_wconf 89' lang='lat' dir='ltr'><strong>potest:</strong></span> <span class='ocrx_word' id='word_1_127' title='bbox 814 1960 871 2020; x_wconf 86' lang='lat' dir='ltr'><strong>aut</strong></span> <span class='ocrx_word' id='word_1_128' title='bbox 891 1975 942 2022; x_wconf 88' lang='lat' dir='ltr'><strong>res</strong></span> <span class='ocrx_word' id='word_1_129' title='bbox 962 1955 1026 2020; x_wconf 88' lang='lat' dir='ltr'><strong>iam</strong></span> <span class='ocrx_word' id='word_1_130' title='bbox 1047 1974 1121 2019; x_wconf 82' lang='lat' dir='ltr'><strong>voce</strong></span> <span class='ocrx_word' id='word_1_131' title='bbox 1144 1973 1221 2037; x_wconf 89' lang='lat' dir='ltr'><strong>qua·</strong></span> 
     </span>
     <span class='ocr_line' id='line_1_17' title="bbox 90 2034 1220 2141; baseline 0 -21"><span class='ocrx_word' id='word_1_132' title='bbox 90 2057 165 2122; x_wconf 90' lang='lat' dir='ltr'><strong>dam</strong></span> <span class='ocrx_word' id='word_1_133' title='bbox 184 2034 349 2141; x_wconf 78' lang='grc' dir='ltr'>ιιιριιιιι,</span> <span class='ocrx_word' id='word_1_134' title='bbox 372 2055 481 2121; x_wconf 89' lang='lat' dir='ltr'><strong>addita</strong></span> <span class='ocrx_word' id='word_1_135' title='bbox 501 2054 640 2122; x_wconf 87' lang='lat' dir='ltr'><strong>secunda</strong></span> <span class='ocrx_word' id='word_1_136' title='bbox 661 2054 922 2141; x_wconf 83' lang='lat' dir='ltr'><strong>significantium,</strong></span> <span class='ocrx_word' id='word_1_137' title='bbox 945 2077 1010 2141; x_wconf 91' lang='lat' dir='ltr'><strong>qua</strong></span> <span class='ocrx_word' id='word_1_138' title='bbox 1031 2046 1133 2121; x_wconf 87' lang='lat' dir='ltr'><strong>simile</strong></span> <span class='ocrx_word' id='word_1_139' title='bbox 1147 2074 1220 2121; x_wconf 83' lang='grc' dir='ltr'>ιοιι-</span> 
     </span>
     <span class='ocr_line' id='line_1_18' title="bbox 89 2150 1220 2249; baseline -0.001 -25.987"><span class='ocrx_word' id='word_1_140' title='bbox 89 2160 171 2224; x_wconf 90' lang='lat' dir='ltr'><strong>tinet</strong></span> <span class='ocrx_word' id='word_1_141' title='bbox 172 2181 224 2239; x_wconf 91' lang='lat' dir='ltr'><strong>ur,</strong></span> <span class='ocrx_word' id='word_1_142' title='bbox 259 2154 491 2224; x_wconf 87' lang='lat' dir='ltr'><strong>dilucidioriit</strong></span> <span class='ocrx_word' id='word_1_143' title='bbox 477 2162 577 2224; x_wconf 87' lang='lat' dir='ltr'><strong>taut</strong></span> <span class='ocrx_word' id='word_1_144' title='bbox 604 2179 671 2238; x_wconf 88' lang='lat' dir='ltr'><strong>res,</strong></span> <span class='ocrx_word' id='word_1_145' title='bbox 705 2161 821 2249; x_wconf 84' lang='lat' dir='ltr'><strong>omissa</strong></span> <span class='ocrx_word' id='word_1_146' title='bbox 842 2159 928 2224; x_wconf 92' lang='lat' dir='ltr'><strong>omni</strong></span> <span class='ocrx_word' id='word_1_147' title='bbox 949 2150 1073 2240; x_wconf 82' lang='lat' dir='ltr'><strong>vulgari</strong></span> <span class='ocrx_word' id='word_1_148' title='bbox 1094 2156 1220 2241; x_wconf 75' lang='lat' dir='ltr'><strong>linguae</strong></span> 
     </span>
     <span class='ocr_line' id='line_1_19' title="bbox 89 2244 1222 2344; baseline 0.001 -20"><span class='ocrx_word' id='word_1_149' title='bbox 89 2261 313 2339; x_wconf 88' lang='lat' dir='ltr'><strong>instrumento,</strong></span> <span class='ocrx_word' id='word_1_150' title='bbox 349 2280 406 2343; x_wconf 88' lang='lat' dir='ltr'><strong>per</strong></span> <span class='ocrx_word' id='word_1_151' title='bbox 436 2260 540 2344; x_wconf 89' lang='lat' dir='ltr'><strong>ipsum</strong></span> <span class='ocrx_word' id='word_1_152' title='bbox 561 2261 664 2326; x_wconf 90' lang='lat' dir='ltr'><strong>simile</strong></span> <span class='ocrx_word' id='word_1_153' title='bbox 690 2244 762 2326; x_wconf 91' lang='lat' dir='ltr'><strong>tant</strong></span> <span class='ocrx_word' id='word_1_154' title='bbox 762 2282 815 2325; x_wconf 90' lang='lat' dir='ltr'><strong>um</strong></span> <span class='ocrx_word' id='word_1_155' title='bbox 836 2254 956 2327; x_wconf 87' lang='lat' dir='ltr'><strong>indicat</strong></span> <span class='ocrx_word' id='word_1_156' title='bbox 942 2265 1005 2325; x_wconf 92' lang='lat' dir='ltr'><strong>t.ur</strong></span> <span class='ocrx_word' id='word_1_157' title='bbox 1048 2249 1152 2326; x_wconf 83' lang='lat' dir='ltr'><strong>Certis</strong></span> <span class='ocrx_word' id='word_1_158' title='bbox 1172 2280 1222 2325; x_wconf 69' lang='lat' dir='ltr'><strong>sc·⁵</strong></span> 
     </span>
     <span class='ocr_line' id='line_1_20' title="bbox 89 2360 1220 2476; baseline 0.001 -50"><span class='ocrx_word' id='word_1_159' title='bbox 89 2362 156 2428; x_wconf 91' lang='lat' dir='ltr'><strong>lum</strong></span> <span class='ocrx_word' id='word_1_160' title='bbox 184 2384 204 2427; x_wconf 91' lang='lat' dir='ltr'><strong>a</strong></span> <span class='ocrx_word' id='word_1_161' title='bbox 236 2361 380 2476; x_wconf 88' lang='lat' dir='ltr'><strong>partibus</strong></span> <span class='ocrx_word' id='word_1_162' title='bbox 412 2360 529 2426; x_wconf 89' lang='lat' dir='ltr'><strong>similia</strong></span> <span class='ocrx_word' id='word_1_163' title='bbox 557 2382 628 2426; x_wconf 90' lang='lat' dir='ltr'><strong>oum</strong></span> <span class='ocrx_word' id='word_1_164' title='bbox 657 2362 704 2426; x_wconf 90' lang='lat' dir='ltr'><strong>rei</strong></span> <span class='ocrx_word' id='word_1_165' title='bbox 731 2363 834 2427; x_wconf 84' lang='lat' dir='ltr'><strong>verita</strong></span> <span class='ocrx_word' id='word_1_166' title='bbox 834 2366 866 2427; x_wconf 92' lang='lat' dir='ltr'><strong>te</strong></span> <span class='ocrx_word' id='word_1_167' title='bbox 895 2364 1074 2445; x_wconf 85' lang='lat' dir='ltr'><strong>congruunt</strong></span> <span class='ocrx_word' id='word_1_168' title='bbox 1094 2361 1220 2446; x_wconf 83' lang='lat' dir='ltr'><strong>vimque</strong></span> 
     </span>
     <span class='ocr_line' id='line_1_21' title="bbox 90 2461 1220 2630; baseline 0 -102"><span class='ocrx_word' id='word_1_169' title='bbox 90 2484 186 2548; x_wconf 90' lang='lat' dir='ltr'><strong>quam</strong></span> <span class='ocrx_word' id='word_1_170' title='bbox 218 2464 247 2528; x_wconf 92' lang='lat' dir='ltr'><strong>ei</strong></span> <span class='ocrx_word' id='word_1_171' title='bbox 258 2463 415 2545; x_wconf 89' lang='lat' dir='ltr'><strong>scriptor</strong></span> <span class='ocrx_word' id='word_1_172' title='bbox 445 2461 547 2527; x_wconf 89' lang='lat' dir='ltr'><strong>inesse</strong></span> <span class='ocrx_word' id='word_1_173' title='bbox 568 2463 669 2530; x_wconf 81' lang='lat' dir='ltr'><strong>voluit</strong></span> <span class='ocrx_word' id='word_1_174' title='bbox 696 2462 815 2529; x_wconf 90' lang='lat' dir='ltr'><strong>maiore</strong></span> <span class='ocrx_word' id='word_1_175' title='bbox 843 2462 999 2546; x_wconf 83' lang='lat' dir='ltr'><strong>gravitate</strong></span> <span class='ocrx_word' id='word_1_176' title='bbox 1029 2463 1220 2630; x_wconf 79' lang='lat' dir='ltr'><strong>exprimunt,</strong></span> 
     </span>
     <span class='ocr_line' id='line_1_22' title="bbox 90 2553 1220 2650; baseline -0.001 -19"><span class='ocrx_word' id='word_1_177' title='bbox 90 2556 163 2631; x_wconf 89' lang='lat' dir='ltr'><strong>aliis</strong></span> <span class='ocrx_word' id='word_1_178' title='bbox 184 2584 302 2630; x_wconf 88' lang='lat' dir='ltr'><strong>verca</strong></span> <span class='ocrx_word' id='word_1_179' title='bbox 330 2569 404 2647; x_wconf 90' lang='lat' dir='ltr'><strong>part</strong></span> <span class='ocrx_word' id='word_1_180' title='bbox 390 2563 474 2630; x_wconf 87' lang='lat' dir='ltr'><strong>tibus</strong></span> <span class='ocrx_word' id='word_1_181' title='bbox 503 2565 543 2630; x_wconf 92' lang='lat' dir='ltr'><strong>ab</strong></span> <span class='ocrx_word' id='word_1_182' title='bbox 575 2585 614 2630; x_wconf 90' lang='lat' dir='ltr'><strong>ea</strong></span> <span class='ocrx_word' id='word_1_183' title='bbox 641 2565 766 2630; x_wconf 85' lang='lat' dir='ltr'><strong>diversa</strong></span> <span class='ocrx_word' id='word_1_184' title='bbox 798 2567 889 2643; x_wconf 88' lang='lat' dir='ltr'><strong>sunt,</strong></span> <span class='ocrx_word' id='word_1_185' title='bbox 926 2553 1097 2647; x_wconf 88' lang='lat' dir='ltr'><strong>quod,ut</strong></span> <span class='ocrx_word' id='word_1_186' title='bbox 1060 2565 1220 2650; x_wconf 90' lang='lat' dir='ltr'><strong>uprimo</strong></span> 
     </span>
     <span class='ocr_line' id='line_1_23' title="bbox 90 2659 1220 2753; baseline -0.003 -19"><span class='ocrx_word' id='word_1_187' title='bbox 90 2672 198 2753; x_wconf 89' lang='lat' dir='ltr'><strong>aspect</strong></span> <span class='ocrx_word' id='word_1_188' title='bbox 199 2689 220 2731; x_wconf 90' lang='lat' dir='ltr'><strong>u</strong></span> <span class='ocrx_word' id='word_1_189' title='bbox 242 2667 273 2731; x_wconf 91' lang='lat' dir='ltr'><strong>in</strong></span> <span class='ocrx_word' id='word_1_190' title='bbox 276 2666 455 2749; x_wconf 83' lang='lat' dir='ltr'><strong>telligatur,</strong></span> <span class='ocrx_word' id='word_1_191' title='bbox 491 2666 652 2733; x_wconf 89' lang='lat' dir='ltr'><strong>additione</strong></span> <span class='ocrx_word' id='word_1_192' title='bbox 681 2665 854 2752; x_wconf 88' lang='lat' dir='ltr'><strong>particulae</strong></span> <span class='ocrx_word' id='word_1_193' title='bbox 884 2659 1121 2732; x_wconf 88' lang='lat' dir='ltr'><strong>similitudinem</strong></span> <span class='ocrx_word' id='word_1_194' title='bbox 1150 2672 1220 2731; x_wconf 87' lang='lat' dir='ltr'><strong>tan·</strong></span> 
     </span>
     <span class='ocr_line' id='line_1_24' title="bbox 89 2762 1219 2850; baseline -0.001 -15"><span class='ocrx_word' id='word_1_195' title='bbox 89 2777 160 2836; x_wconf 88' lang='lat' dir='ltr'><strong>tum</strong></span> <span class='ocrx_word' id='word_1_196' title='bbox 181 2769 366 2846; x_wconf 88' lang='lat' dir='ltr'><strong>indicantis,</strong></span> <span class='ocrx_word' id='word_1_197' title='bbox 403 2767 496 2833; x_wconf 86' lang='lat' dir='ltr'><strong>efficit</strong></span> <span class='ocrx_word' id='word_1_198' title='bbox 483 2773 545 2834; x_wconf 86' lang='grc' dir='ltr'>ιιι.</span> <span class='ocrx_word' id='word_1_199' title='bbox 586 2767 692 2843; x_wconf 80' lang='lat' dir='ltr'><strong>Facile</strong></span> <span class='ocrx_word' id='word_1_200' title='bbox 715 2780 787 2834; x_wconf 83' lang='lat' dir='ltr'><strong>vero</strong></span> <span class='ocrx_word' id='word_1_201' title='bbox 816 2768 864 2832; x_wconf 88' lang='lat' dir='ltr'><strong>est</strong></span> <span class='ocrx_word' id='word_1_202' title='bbox 891 2766 1055 2832; x_wconf 87' lang='lat' dir='ltr'><strong>intellectu</strong></span> <span class='ocrx_word' id='word_1_203' title='bbox 1019 2762 1219 2850; x_wconf 77' lang='lat' dir='ltr'><strong>bucculas,</strong></span> 
     </span>
     <span class='ocr_line' id='line_1_25' title="bbox 90 2866 1219 2955; baseline 0 -19"><span class='ocrx_word' id='word_1_204' title='bbox 90 2891 172 2955; x_wconf 89' lang='lat' dir='ltr'><strong>quae</strong></span> <span class='ocrx_word' id='word_1_205' title='bbox 194 2866 421 2950; x_wconf 85' lang='lat' dir='ltr'><strong>adhibeantur,</strong></span> <span class='ocrx_word' id='word_1_206' title='bbox 453 2876 510 2936; x_wconf 88' lang='lat' dir='ltr'><strong>aut</strong></span> <span class='ocrx_word' id='word_1_207' title='bbox 531 2869 645 2936; x_wconf 88' lang='lat' dir='ltr'><strong>adres</strong></span> <span class='ocrx_word' id='word_1_208' title='bbox 666 2869 825 2937; x_wconf 88' lang='lat' dir='ltr'><strong>vocabulis</strong></span> <span class='ocrx_word' id='word_1_209' title='bbox 846 2867 1061 2934; x_wconf 82' lang='lat' dir='ltr'><strong>usitatissimis</strong></span> <span class='ocrx_word' id='word_1_210' title='bbox 1081 2870 1145 2935; x_wconf 91' lang='lat' dir='ltr'><strong>iam</strong></span> <span class='ocrx_word' id='word_1_211' title='bbox 1167 2883 1219 2936; x_wconf 56' lang='lat' dir='ltr'><strong>aa*</strong></span> 
     </span>
     <span class='ocr_line' id='line_1_26' title="bbox 91 2970 1218 3061; baseline 0.001 -25"><span class='ocrx_word' id='word_1_212' title='bbox 91 2992 216 3056; x_wconf 87' lang='lat' dir='ltr'><strong>pressas</strong></span> <span class='ocrx_word' id='word_1_213' title='bbox 239 2973 417 3038; x_wconf 88' lang='lat' dir='ltr'><strong>accuratius</strong></span> <span class='ocrx_word' id='word_1_214' title='bbox 446 2972 655 3039; x_wconf 89' lang='lat' dir='ltr'><strong>illustrandas</strong></span> <span class='ocrx_word' id='word_1_215' title='bbox 684 2979 717 3038; x_wconf 88' lang='lat' dir='ltr'><strong>ot</strong></span> <span class='ocrx_word' id='word_1_216' title='bbox 743 2977 819 3038; x_wconf 88' lang='lat' dir='ltr'><strong>ante</strong></span> <span class='ocrx_word' id='word_1_217' title='bbox 840 2971 948 3058; x_wconf 83' lang='lat' dir='ltr'><strong>oculos</strong></span> <span class='ocrx_word' id='word_1_218' title='bbox 970 2970 1142 3053; x_wconf 80' lang='lat' dir='ltr'><strong>legentium</strong></span> <span class='ocrx_word' id='word_1_219' title='bbox 1163 2986 1218 3061; x_wconf 62' lang='lat' dir='ltr'><strong>pue</strong></span> 
     </span>
     <span class='ocr_line' id='line_1_27' title="bbox 90 3072 1219 3159; baseline -0.001 -19"><span class='ocrx_word' id='word_1_220' title='bbox 90 3074 212 3140; x_wconf 88' lang='lat' dir='ltr'><strong>neudas</strong></span> <span class='ocrx_word' id='word_1_221' title='bbox 232 3093 289 3158; x_wconf 90' lang='lat' dir='ltr'><strong>per</strong></span> <span class='ocrx_word' id='word_1_222' title='bbox 310 3074 426 3138; x_wconf 89' lang='lat' dir='ltr'><strong>similia</strong></span> <span class='ocrx_word' id='word_1_223' title='bbox 454 3080 487 3140; x_wconf 88' lang='lat' dir='ltr'><strong>et</strong></span> <span class='ocrx_word' id='word_1_224' title='bbox 513 3075 666 3159; x_wconf 83' lang='lat' dir='ltr'><strong>imagines</strong></span> <span class='ocrx_word' id='word_1_225' title='bbox 689 3073 799 3140; x_wconf 86' lang='lat' dir='ltr'><strong>addita</strong></span> <span class='ocrx_word' id='word_1_226' title='bbox 819 3078 893 3153; x_wconf 83' lang='lat' dir='ltr'><strong>aut,</strong></span> <span class='ocrx_word' id='word_1_227' title='bbox 929 3072 1044 3137; x_wconf 87' lang='lat' dir='ltr'><strong>omissa</strong></span> <span class='ocrx_word' id='word_1_228' title='bbox 1064 3073 1151 3138; x_wconf 89' lang='lat' dir='ltr'><strong>nmni</strong></span> <span class='ocrx_word' id='word_1_229' title='bbox 1171 3074 1219 3139; x_wconf 83' lang='lat' dir='ltr'><strong>ru·</strong></span> 
     </span>
     <span class='ocr_line' id='line_1_28' title="bbox 89 3173 1219 3260; baseline -0.001 -18"><span class='ocrx_word' id='word_1_230' title='bbox 89 3176 212 3260; x_wconf 79' lang='lat' dir='ltr'><strong>vulgari</strong></span> <span class='ocrx_word' id='word_1_231' title='bbox 233 3175 461 3259; x_wconf 83' lang='lat' dir='ltr'><strong>significatione</strong></span> <span class='ocrx_word' id='word_1_232' title='bbox 483 3175 525 3241; x_wconf 92' lang='lat' dir='ltr'><strong>ad</strong></span> <span class='ocrx_word' id='word_1_233' title='bbox 545 3175 774 3242; x_wconf 86' lang='lat' dir='ltr'><strong>introducenda</strong></span> <span class='ocrx_word' id='word_1_234' title='bbox 801 3174 838 3240; x_wconf 90' lang='lat' dir='ltr'><strong>in·</strong></span> <span class='ocrx_word' id='word_1_235' title='bbox 862 3173 932 3240; x_wconf 89' lang='lat' dir='ltr'><strong>loco</strong></span> <span class='ocrx_word' id='word_1_236' title='bbox 952 3174 999 3239; x_wconf 89' lang='lat' dir='ltr'><strong>rei</strong></span> <span class='ocrx_word' id='word_1_237' title='bbox 1019 3174 1118 3259; x_wconf 86' lang='lat' dir='ltr'><strong>ipsius</strong></span> <span class='ocrx_word' id='word_1_238' title='bbox 1140 3175 1219 3241; x_wconf 61' lang='lat' dir='ltr'><strong>inas</strong></span> 
     </span>
     <span class='ocr_line' id='line_1_29' title="bbox 90 3277 1218 3364; baseline -0.003 -19"><span class='ocrx_word' id='word_1_239' title='bbox 90 3281 178 3364; x_wconf 82' lang='lat' dir='ltr'><strong>gines</strong></span> <span class='ocrx_word' id='word_1_240' title='bbox 198 3284 231 3344; x_wconf 90' lang='lat' dir='ltr'><strong>et</strong></span> <span class='ocrx_word' id='word_1_241' title='bbox 251 3277 381 3357; x_wconf 82' lang='lat' dir='ltr'><strong>similia,</strong></span> <span class='ocrx_word' id='word_1_242' title='bbox 405 3279 599 3363; x_wconf 89' lang='lat' dir='ltr'><strong>saepissime,</strong></span> <span class='ocrx_word' id='word_1_243' title='bbox 627 3277 757 3343; x_wconf 89' lang='lat' dir='ltr'><strong>namin</strong></span> <span class='ocrx_word' id='word_1_244' title='bbox 779 3296 885 3342; x_wconf 89' lang='lat' dir='ltr'><strong>rorum</strong></span> <span class='ocrx_word' id='word_1_245' title='bbox 907 3280 1022 3343; x_wconf 89' lang='lat' dir='ltr'><strong>natura</strong></span> <span class='ocrx_word' id='word_1_246' title='bbox 1043 3277 1218 3354; x_wconf 81' lang='lat' dir='ltr'><strong>situmest,</strong></span> 
     </span>
     <span class='ocr_line' id='line_1_30' title="bbox 89 3379 1217 3461; baseline -0.001 -14"><span class='ocrx_word' id='word_1_247' title='bbox 89 3381 214 3453; x_wconf 89' lang='lat' dir='ltr'><strong>rariora</strong></span> <span class='ocrx_word' id='word_1_248' title='bbox 241 3384 273 3444; x_wconf 89' lang='lat' dir='ltr'><strong>et</strong></span> <span class='ocrx_word' id='word_1_249' title='bbox 303 3380 474 3447; x_wconf 88' lang='lat' dir='ltr'><strong>audaciora</strong></span> <span class='ocrx_word' id='word_1_250' title='bbox 500 3381 610 3447; x_wconf 84' lang='lat' dir='ltr'><strong>futura</strong></span> <span class='ocrx_word' id='word_1_251' title='bbox 638 3394 715 3445; x_wconf 84' lang='lat' dir='ltr'><strong>esse.</strong></span> <span class='ocrx_word' id='word_1_252' title='bbox 759 3379 846 3458; x_wconf 85' lang='lat' dir='ltr'><strong>Quae</strong></span> <span class='ocrx_word' id='word_1_253' title='bbox 874 3396 945 3444; x_wconf 91' lang='lat' dir='ltr'><strong>oum</strong></span> <span class='ocrx_word' id='word_1_254' title='bbox 979 3380 1026 3444; x_wconf 87' lang='lat' dir='ltr'><strong>ita</strong></span> <span class='ocrx_word' id='word_1_255' title='bbox 1046 3381 1124 3461; x_wconf 90' lang='lat' dir='ltr'><strong>siut,</strong></span> <span class='ocrx_word' id='word_1_256' title='bbox 1153 3392 1217 3446; x_wconf 82' lang='grc' dir='ltr'><strong>ιιι</strong></span> 
     </span>
     <span class='ocr_line' id='line_1_31' title="bbox 90 3479 1218 3568; baseline 0 -20"><span class='ocrx_word' id='word_1_257' title='bbox 90 3484 206 3548; x_wconf 88' lang='lat' dir='ltr'><strong>mirum</strong></span> <span class='ocrx_word' id='word_1_258' title='bbox 227 3481 325 3547; x_wconf 79' lang='lat' dir='ltr'><strong>rideri</strong></span> <span class='ocrx_word' id='word_1_259' title='bbox 352 3484 484 3567; x_wconf 81' lang='lat' dir='ltr'><strong>poterIt,</strong></span> <span class='ocrx_word' id='word_1_260' title='bbox 520 3481 685 3568; x_wconf 90' lang='lat' dir='ltr'><strong>particulis</strong></span> <span class='ocrx_word' id='word_1_261' title='bbox 713 3481 830 3547; x_wconf 86' lang='lat' dir='ltr'><strong>similia</strong></span> <span class='ocrx_word' id='word_1_262' title='bbox 857 3479 1130 3547; x_wconf 86' lang='lat' dir='ltr'><strong>introducentibus</strong></span> <span class='ocrx_word' id='word_1_263' title='bbox 1150 3490 1218 3548; x_wconf 75' lang='grc' dir='ltr'>ιιι·</span> 
     </span>
     <span class='ocr_line' id='line_1_32' title="bbox 89 3580 1221 3751; baseline 0 -102"><span class='ocrx_word' id='word_1_264' title='bbox 89 3586 161 3671; x_wconf 91' lang='lat' dir='ltr'><strong>pius</strong></span> <span class='ocrx_word' id='word_1_265' title='bbox 182 3604 252 3650; x_wconf 88' lang='lat' dir='ltr'><strong>eam</strong></span> <span class='ocrx_word' id='word_1_266' title='bbox 256 3596 397 3751; x_wconf 73' lang='lat' dir='ltr'><strong>tquoque</strong></span> <span class='ocrx_word' id='word_1_267' title='bbox 419 3584 678 3669; x_wconf 78' lang='lat' dir='ltr'><strong>significatmnom</strong></span> <span class='ocrx_word' id='word_1_268' title='bbox 699 3604 759 3649; x_wconf 89' lang='lat' dir='ltr'><strong>usu</strong></span> <span class='ocrx_word' id='word_1_269' title='bbox 779 3581 904 3667; x_wconf 84' lang='lat' dir='ltr'><strong>linguae</strong></span> <span class='ocrx_word' id='word_1_270' title='bbox 925 3581 1055 3647; x_wconf 84' lang='lat' dir='ltr'><strong>Insitam</strong></span> <span class='ocrx_word' id='word_1_271' title='bbox 1076 3601 1159 3663; x_wconf 87' lang='lat' dir='ltr'><strong>esse,</strong></span> <span class='ocrx_word' id='word_1_272' title='bbox 1180 3580 1221 3649; x_wconf 49' lang='lat' dir='ltr'><strong>ut*</strong></span> 
     </span>
     <span class='ocr_line' id='line_1_33' title="bbox 89 3683 1218 3772; baseline -0.001 -20"><span class='ocrx_word' id='word_1_273' title='bbox 89 3689 270 3754; x_wconf 89' lang='lat' dir='ltr'><strong>leniantet</strong></span> <span class='ocrx_word' id='word_1_274' title='bbox 298 3692 449 3751; x_wconf 86' lang='lat' dir='ltr'><strong>excusent</strong></span> <span class='ocrx_word' id='word_1_275' title='bbox 476 3686 638 3772; x_wconf 80' lang='lat' dir='ltr'><strong>scriptoris</strong></span> <span class='ocrx_word' id='word_1_276' title='bbox 665 3685 845 3762; x_wconf 88' lang='lat' dir='ltr'><strong>audaciam,</strong></span> <span class='ocrx_word' id='word_1_277' title='bbox 881 3694 945 3767; x_wconf 81' lang='lat' dir='ltr'><strong>qua</strong></span> <span class='ocrx_word' id='word_1_278' title='bbox 965 3683 1072 3750; x_wconf 88' lang='lat' dir='ltr'><strong>minus</strong></span> <span class='ocrx_word' id='word_1_279' title='bbox 1091 3684 1218 3751; x_wconf 84' lang='lat' dir='ltr'><strong>usitatis</strong></span> 
     </span>
     <span class='ocr_line' id='line_1_34' title="bbox 90 3785 1218 3873; baseline -0.002 -18"><span class='ocrx_word' id='word_1_280' title='bbox 90 3791 216 3872; x_wconf 84' lang='lat' dir='ltr'><strong>linguae</strong></span> <span class='ocrx_word' id='word_1_281' title='bbox 237 3788 439 3855; x_wconf 87' lang='lat' dir='ltr'><strong>instrument</strong></span> <span class='ocrx_word' id='word_1_282' title='bbox 429 3808 456 3853; x_wconf 90' lang='grc' dir='ltr'><strong>ιι</strong></span> <span class='ocrx_word' id='word_1_283' title='bbox 475 3789 509 3853; x_wconf 91' lang='lat' dir='ltr'><strong>iu</strong></span> <span class='ocrx_word' id='word_1_284' title='bbox 524 3788 747 3873; x_wconf 88' lang='lat' dir='ltr'><strong>componendis</strong></span> <span class='ocrx_word' id='word_1_285' title='bbox 766 3785 920 3852; x_wconf 91' lang='lat' dir='ltr'><strong>similibus</strong></span> <span class='ocrx_word' id='word_1_286' title='bbox 939 3797 1016 3850; x_wconf 85' lang='lat' dir='ltr'><strong>usus</strong></span> <span class='ocrx_word' id='word_1_287' title='bbox 1030 3792 1089 3852; x_wconf 85' lang='grc' dir='ltr'><strong>Ιιιι.</strong></span> <span class='ocrx_word' id='word_1_288' title='bbox 1066 3787 1218 3853; x_wconf 71' lang='lat' dir='ltr'><strong>taun-</strong></span> 
     </span>
     <span class='ocr_line' id='line_1_35' title="bbox 89 3887 1217 3975; baseline -0.003 -18"><span class='ocrx_word' id='word_1_289' title='bbox 89 3893 160 3958; x_wconf 87' lang='lat' dir='ltr'><strong>dem</strong></span> <span class='ocrx_word' id='word_1_290' title='bbox 193 3891 235 3956; x_wconf 90' lang='lat' dir='ltr'><strong>ad</strong></span> <span class='ocrx_word' id='word_1_291' title='bbox 267 3891 363 3954; x_wconf 89' lang='lat' dir='ltr'><strong>finem</strong></span> <span class='ocrx_word' id='word_1_292' title='bbox 392 3889 475 3954; x_wconf 87' lang='lat' dir='ltr'><strong>aliae</strong></span> <span class='ocrx_word' id='word_1_293' title='bbox 502 3911 627 3975; x_wconf 86' lang='lat' dir='ltr'><strong>qnoque</strong></span> <span class='ocrx_word' id='word_1_294' title='bbox 648 3890 777 3956; x_wconf 78' lang='lat' dir='ltr'><strong>voculae</strong></span> <span class='ocrx_word' id='word_1_295' title='bbox 806 3887 943 3953; x_wconf 89' lang='lat' dir='ltr'><strong>sermoni</strong></span> <span class='ocrx_word' id='word_1_296' title='bbox 971 3887 1217 3972; x_wconf 87' lang='lat' dir='ltr'><strong>interponuntur</strong></span> 
     </span>
     <span class='ocr_line' id='line_1_36' title="bbox 90 3989 1217 4076; baseline -0.003 -16"><span class='ocrx_word' id='word_1_297' title='bbox 90 4000 128 4060; x_wconf 87' lang='lat' dir='ltr'><strong>ut</strong></span> <span class='ocrx_word' id='word_1_298' title='bbox 150 3993 270 4074; x_wconf 88' lang='lat' dir='ltr'><strong>„forte“</strong></span> <span class='ocrx_word' id='word_1_299' title='bbox 293 3991 420 4074; x_wconf 83' lang='lat' dir='ltr'><strong>(Annal.</strong></span> <span class='ocrx_word' id='word_1_300' title='bbox 444 3992 502 4072; x_wconf 89' lang='lat' dir='ltr'><strong>III,</strong></span> <span class='ocrx_word' id='word_1_301' title='bbox 524 3993 588 4072; x_wconf 90' lang='lat' dir='ltr'><strong>LV,</strong></span> <span class='ocrx_word' id='word_1_302' title='bbox 613 3992 680 4076; x_wconf 88' lang='grc'>18),</span> <span class='ocrx_word' id='word_1_303' title='bbox 702 3989 880 4075; x_wconf 84' lang='lat' dir='ltr'><strong>„quidam“,</strong></span> <span class='ocrx_word' id='word_1_304' title='bbox 901 4000 983 4072; x_wconf 82' lang='lat' dir='ltr'><strong>quae</strong></span> <span class='ocrx_word' id='word_1_305' title='bbox 1005 3995 1080 4056; x_wconf 84' lang='lat' dir='ltr'><strong>sunt</strong></span> <span class='ocrx_word' id='word_1_306' title='bbox 1099 3991 1217 4058; x_wconf 84' lang='lat' dir='ltr'><strong>similia</strong></span> 
     </span>
     <span class='ocr_line' id='line_1_37' title="bbox 89 4091 925 4177; baseline -0.008 -14"><span class='ocrx_word' id='word_1_307' title='bbox 89 4097 185 4177; x_wconf 92' lang='lat' dir='ltr'><strong>(Hist.</strong></span> <span class='ocrx_word' id='word_1_308' title='bbox 206 4097 232 4176; x_wconf 87' lang='lat' dir='ltr'><strong>I,</strong></span> <span class='ocrx_word' id='word_1_309' title='bbox 254 4094 396 4174; x_wconf 85' lang='lat' dir='ltr'><strong>LXXIV,</strong></span> <span class='ocrx_word' id='word_1_310' title='bbox 420 4097 459 4158; x_wconf 89' lang='lat'><strong>10</strong></span> <span class='ocrx_word' id='word_1_311' title='bbox 481 4113 636 4177; x_wconf 90' lang='lat' dir='ltr'><strong>„namque</strong></span> <span class='ocrx_word' id='word_1_312' title='bbox 658 4093 774 4158; x_wconf 86' lang='lat' dir='ltr'><strong>mirum</strong></span> <span class='ocrx_word' id='word_1_313' title='bbox 793 4091 925 4175; x_wconf 86' lang='lat' dir='ltr'><strong>dictu“).</strong></span> 
     </span>
    </p>

    <p class='ocr_par' dir='ltr' id='par_1_3' title="bbox 172 4190 1215 4282">
     <span class='ocr_line' id='line_1_38' title="bbox 172 4190 1215 4282; baseline -0.006 -19"><span class='ocrx_word' id='word_1_314' title='bbox 172 4197 318 4282; x_wconf 82' lang='lat' dir='ltr'><strong>Exempli</strong></span> <span class='ocrx_word' id='word_1_315' title='bbox 339 4216 435 4261; x_wconf 87' lang='lat' dir='ltr'><strong>causa</strong></span> <span class='ocrx_word' id='word_1_316' title='bbox 454 4196 576 4260; x_wconf 87' lang='lat' dir='ltr'><strong>invenis</strong></span> <span class='ocrx_word' id='word_1_317' title='bbox 597 4195 682 4279; x_wconf 88' lang='lat' dir='ltr'><strong>apud</strong></span> <span class='ocrx_word' id='word_1_318' title='bbox 702 4193 862 4261; x_wconf 82' lang='lat' dir='ltr'><strong>Tacitum:</strong></span> <span class='ocrx_word' id='word_1_319' title='bbox 884 4191 991 4272; x_wconf 77' lang='lat' dir='ltr'><strong>„velut</strong></span> <span class='ocrx_word' id='word_1_320' title='bbox 1009 4190 1161 4275; x_wconf 88' lang='lat' dir='ltr'><strong>quidam“</strong></span> <span class='ocrx_word' id='word_1_321' title='bbox 1181 4191 1215 4257; x_wconf 88' lang='grc' dir='ltr'><strong>ιιι</strong></span> 
     </span>
    </p>
   </div>
   <div class='ocr_carea' id='block_1_3' title="bbox 88 4293 1215 4467">
    <p class='ocr_par' dir='ltr' id='par_1_4' title="bbox 88 4293 1215 4467">
     <span class='ocr_line' id='line_1_39' title="bbox 88 4293 1215 4384; baseline -0.004 -20"><span class='ocrx_word' id='word_1_322' title='bbox 88 4299 211 4384; x_wconf 82' lang='lat' dir='ltr'><strong>Dialog.</strong></span> <span class='ocrx_word' id='word_1_323' title='bbox 232 4301 271 4378; x_wconf 94' lang='lat' dir='ltr'><strong>V,</strong></span> <span class='ocrx_word' id='word_1_324' title='bbox 293 4303 348 4378; x_wconf 78' lang='lat'><strong>243</strong></span> <span class='ocrx_word' id='word_1_325' title='bbox 384 4298 483 4376; x_wconf 88' lang='lat' dir='ltr'><strong>XXX,</strong></span> <span class='ocrx_word' id='word_1_326' title='bbox 509 4301 564 4376; x_wconf 84' lang='lat'><strong>14;</strong></span> <span class='ocrx_word' id='word_1_327' title='bbox 596 4295 745 4376; x_wconf 89' lang='lat' dir='ltr'><strong>XXXIII,</strong></span> <span class='ocrx_word' id='word_1_328' title='bbox 767 4299 803 4377; x_wconf 81' lang='grc'><strong>3;</strong></span> <span class='ocrx_word' id='word_1_329' title='bbox 835 4295 982 4375; x_wconf 87' lang='lat' dir='ltr'><strong>XXXIX,</strong></span> <span class='ocrx_word' id='word_1_330' title='bbox 1007 4297 1062 4374; x_wconf 68' lang='lat'><strong>153</strong></span> <span class='ocrx_word' id='word_1_331' title='bbox 1099 4293 1215 4359; x_wconf 81' lang='grc' dir='ltr'>Αιιιιιι.</span> 
     </span>
     <span class='ocr_line' id='line_1_40' title="bbox 984 4411 1017 4467; baseline 0 -20"><span class='ocrx_word' id='word_1_332' title='bbox 984 4411 1017 4467; x_wconf 72' lang='grc'><strong>4*</strong></span> 
     </span>
    </p>
   </div>
   <div class='ocr_carea' id='block_1_4' title="bbox 0 0 1422 4814">
    <p class='ocr_par' dir='ltr' id='par_1_5' title="bbox 0 0 1422 4814">
     <span class='ocr_line' id='line_1_41' title="bbox 0 0 1422 4814; baseline 0 0"><span class='ocrx_word' id='word_1_333' title='bbox 0 0 1422 4814; x_wconf 95' lang='lat' dir='ltr'><strong> </strong></span> 
     </span>
    </p>
   </div>
  </div>
 </body>
</html>
