2836 4814
725 273 767 337 60

180 456 274 523 militi
295 463 328 523 et
345 458 432 524 velut
453 458 566 525 iantas
586 459 821 525 exhortationes
843 459 995 524 abnuenti
1010 459 1198 524 Cremonam
1221 468 1315 521 mon·-

180 564 363 626 strassent“.

264 663 450 746 Vespasiani
471 664 587 730 milites
608 665 641 729 in
663 663 875 750 expugnanda
897 663 1067 744 Cremona,
1096 683 1181 741 cnm,
1204 660 1316 726 solnta

170 783 331 849 ,compage
352 771 526 846 scutorum,
547 765 649 831 multe
669 771 774 849 strage
795 764 900 831 affecti
922 770 1036 846 essent,
1061 764 1243 832 abnuebant
1257 785 1316 829 ex·

181 864 392 946 hortationes,
422 869 498 953 qnia
518 869 631 934 inritas
652 888 706 933 eas
727 867 898 953 putabant,
928 890 1000 935 cunr
1022 869 1161 935 nondum
1185 866 1314 933 nullum

180 970 340 1035 consecuti
362 976 467 1037 essent
497 991 690 1038 successum:
728 971 793 1051 „sie
819 970 934 1036 hdrten
963 970 1052 1036 nicht
1071 970 1161 1036 mehr
1181 969 1240 1035 auf
1258 969 1313 1034 die

182 1069 431 1155 anieuerungen,
454 1073 523 1138 weil
545 1073 590 1138 sie
608 1073 645 1157 ja
666 1073 747 1139 doch
768 1073 870 1139 niohts
892 1079 1051 1139 niitaten“.

264 1173 347 1239 Hist.
370 1175 428 1254 III,
450 1175 575 1254 LXXV,
601 1179 649 1241 13.
681 1176 764 1256 „Sed
786 1175 932 1245 Vitellius
954 1174 1092 1241 consulis
1121 1173 1315 1259 supplicium

182 1277 324 1358 poscenti
344 1277 460 1361 populo
482 1277 609 1357 restitit,
631 1279 776 1362 placatus
794 1285 827 1345 et
840 1279 928 1344 velut
943 1278 1040 1342 vicem
1062 1276 1205 1354 reddens,
1227 1275 1314 1358 quod

182 1375 451 1461 interrogantibus
480 1379 552 1462 quis
575 1379 765 1464 Capitolium
796 1381 987 1446 incendisset
1013 1401 1047 1444 se
1076 1399 1165 1444 reum
1189 1378 1315 1443 Atticus

183 1476 357 1560 obtulerat,
393 1500 492 1565 eaque
523 1481 716 1548 confessione
744 1521 784 1531 -
806 1521 847 1530 -
875 1525 915 1536 -
947 1481 1098 1548 invidiam
1131 1481 1315 1565 crimenque

183 1579 368 1664 adgnouisse
389 1589 422 1648 et
443 1583 627 1667 apartibus
648 1585 768 1652 Viteliii
791 1585 940 1650 amolitus
962 1583 1156 1649 videbatur“.

268 1683 347 1748 Cum
369 1684 521 1751 Sabinum
550 1707 616 1751 una
644 1709 715 1753 oum
737 1689 842 1754 Attico
871 1692 997 1770 captum
1026 1684 1205 1770 exposcenti
1227 1683 1316 1768 plebi

184 1783 224 1849 ad
247 1786 437 1869 supplicium
459 1789 667 1873 permisisset,
689 1812 822 1875 cumque
838 1790 962 1856 Atticus
982 1789 1085 1854 edicta
1106 1789 1139 1852 in
1161 1786 1316 1872 populum

183 1907 241 1971 pro
262 1887 457 1973 Vespasiano
479 1891 661 1974 magnifica,
695 1891 846 1977 probrosa
869 1892 1018 1958 adversus
1039 1888 1201 1958 Vitellium
1224 1889 1317 1954 iecis-

184 1994 234 2053 set
254 1989 309 2072 (cf.
332 2011 400 2076 cap.
423 1992 589 2072 LXXIII),
612 2014 688 2058 sane
710 1993 904 2077 gratitudine
926 1993 1061 2079 quadam
1085 1992 1125 2058 cb
1146 1990 1317 2057 confessio·

184 2111 255 2156 nem
286 2093 424 2158 incendii
445 2100 619 2161 commotus
648 2095 763 2182 populo
793 2096 930 2162 consulis
957 2095 1143 2180 supplicium
1172 2095 1319 2180 poscenti

185 2194 320 2259 restitit:
358 2196 447 2276 „weil
475 2217 511 2261 er
531 2199 692 2282 vergelten
714 2197 834 2279 wollte‚
864 2199 937 2265 dass
958 2203 1038 2263 etc.“
1081 2197 1210 2262 Tacitus
1231 2216 1317 2275 vero,

183 2304 317 2381 quaest
339 2299 516 2384 suspicione
538 2301 649 2378 animi,
686 2300 857 2385 legentium
891 2301 1043 2366 iudicium
1066 2298 1240 2364 haedere
1262 2317 1318 2361 ex·

183 2401 285 2485 poscit
305 2422 408 2487 neque
430 2408 589 2486 procerte
605 2403 727 2475 statuit.
747 2425 782 2469 re
798 2425 871 2468 vera
886 2384 1011 2487 gratum
1025 2401 1186 2467 Vitellium
1209 2400 1316 2464 luisse.

268 2503 350 2569 Hist.
373 2505 562 2585 IV,.LXXI,
585 2510 612 2569 7.
641 2505 742 2585 „Socii
766 2506 807 2571 ad
828 2506 937 2570 munia
957 2505 1045 2590 pacis
1066 2501 1207 2569 redirent
1228 2501 1318 2567 velut

183 2604 326 2672 confecto
347 2606 446 2685 bello,
468 2606 553 2690 qnod
574 2607 736 2672 Romanae
759 2629 871 2673 manus
893 2607 1117 2690 excepissent“.

268 2709 424 2774 Proximis
449 2708 604 2791 capitibus
633 2713 709 2774 satis
732 2709 920 2774 adfirmatur
941 2708 1058 2773 bellum
1080 2707 1219 2771 nondum
1242 2725 1319 2770 con-

184 2809 301 2876 fectum
323 2831 390 2876 esse
413 2811 466 2880 (cf.
488 2811 570 2875 Hist.
593 2811 651 2891 lll,
673 2813 771 2890 XXV,
795 2817 829 2890 33
853 2811 965 2876 Annal,
989 2810 1060 2887 XII,
1083 2808 1261 2888 XXXVIII,
1281 2813 1316 2886 63

185 2912 253 2991 XV,
275 2914 369 2993 VIII,
395 2919 456 2996 10.)
499 2916 648 2978 Attamen
674 2914 806 2978 Petilius
834 2914 965 2991 Cerialis
992 2913 1046 2995 qni
1076 2909 1180 2975 verbis
1208 2909 1319 2989 „velut

184 3014 326 3080 confecto
348 3016 450 3083 bello“
472 3037 599 3083 causam
621 3015 772 3081 indicavit
793 3016 928 3100 obqnam
949 3015 1047 3095 „socii
1068 3013 1109 3078 ad
1130 3012 1239 3077 munia
1260 3033 1319 3097 pa-

185 3120 230 3185 cis
251 3118 421 3198 redirent“,
457 3120 661 3184 stultissimus
684 3119 808 3197 fnisset,
846 3119 872 3184 si
899 3139 956 3201 per
977 3115 1165 3200 particulam
1188 3116 1318 3196 „velut“

184 3225 252 3308 ipse
273 3222 496 3306 significasset,
533 3221 630 3300 hanc,
661 3241 756 3305 quarn
779 3221 967 3304 protulerat,
996 3238 1124 3284 causam
1146 3238 1258 3282 vanarn
1283 3225 1319 3284 et

185 3326 368 3392 mendacem
390 3345 467 3390 esse.
510 3325 701 3389 Reddendus
729 3323 825 3406 igitur
847 3329 894 3387 est
914 3322 1018 3387 loeus:
1049 3320 1120 3400 „die
1142 3318 1318 3402 bundesge·

186 3450 298 3494 nossen
330 3428 477 3493 miichten
511 3449 548 3493 an
579 3427 640 3492 den
663 3426 785 3492 werhen
816 3425 871 3489 des
901 3424 1040 3488 friedens
1068 3419 1319 3503 zuriickkehren,

186 3533 255 3597 weil
277 3532 334 3596 der
354 3530 443 3614 lrrieg
464 3553 502 3596 au
524 3530 604 3595 ende
625 3530 684 3605 sei,
707 3528 767 3593 den
790 3532 870 3592 eto.“

270 3637 352 3701 Hist.
378 3635 413 3712 V,
436 3633 489 3711 IV,
512 3637 542 3698 5.
574 3631 737 3714 „Effigiem
760 3628 921 3707 animalis,
956 3647 1017 3710 quo
1040 3631 1236 3690 monstrante
1265 3646 1320 3690 er-

186 3760 289 3806 rorem
312 3737 459 3819 sitimque
488 3733 670 3816 depulerat,
707 3731 862 3816 penetrali
885 3748 1065 3806 sacravere,
1101 3748 1191 3792 caeso
1213 3726 1320 3794 ariete

187 3839 326 3907 velutin
349 3835 572 3903 contumeliam
595 3835 807 3899 Hammonis“.
848 3894 859 3917 ,

272 3940 433 4008 Putahant
461 3939 544 4002 enim
564 3936 694 4016 Iudaei,
730 3956 763 4000 se
789 3955 880 3999 caeso
909 3933 1008 3997 ariete
1038 3931 1143 3997 Iovem
1164 3931 1320 3996 Hammo·

187 4067 260 4112 nem
282 4044 434 4111 deridere.
477 4041 556 4106 Nam
579 4040 696 4123 Moysis
716 4038 837 4122 legibus
857 4041 985 4100 cantum
1014 4037 1077 4112 est,
1106 4038 1143 4097 ut
1163 4054 1221 4117 pro
1244 4054 1321 4118 peo-

188 4154 259 4216 cato
281 4147 362 4210 aries
385 4145 544 4210 offeretur.
589 4143 636 4209 cf.
659 4141 763 4207 Wiilfl.
786 4139 867 4205 Phil.
890 4137 1005 4216 XXIV,
1027 4157 1078 4220 pg.
1105 4138 1173 4198 123.

272 4248 385 4314 Annal.
406 4248 462 4328 XI,
484 4246 615 4326 XXVII,
638 4250 666 4310 4.
690 4243 804 4325 „Haud
827 4261 897 4308 sum
918 4240 1051 4325 ignavus
1070 4235 1248 4302 fabulosum
1272 4237 1320 4300 vi-
