2836 4814
754 292 795 357 28

207 475 339 557 „quasi“
362 473 561 557 respondeat.
605 474 667 545 Sed
688 475 805 539 confer.
828 476 910 542 Hist.
934 475 959 552 1,
982 474 1137 550 LXXXX,
1157 479 1205 538 15.
1249 473 1344 538 (lons.

207 597 351 660 quoque:
374 576 474 642 Cicer.
497 575 538 640 ad
562 575 673 640 Famil.
699 577 753 655 IX,
781 581 827 655 16,
850 583 886 657 2;
915 577 954 642 de
976 583 1043 642 nat.
1066 577 1160 642 Deor.
1185 578 1238 658 15
1263 581 1344 655 1023

208 679 276 749 cat.
301 679 412 745 Maior.
433 680 451 762 ξ
473 684 523 741 71.

290 782 358 847 Iam
381 802 478 865 supra
498 781 783 847 demonstravimus
805 781 996 866 particulam
1019 783 1248 848 coniunctionis
1269 803 1345 866 par-

206 887 255 948 tes
277 889 438 967 agentem,
471 885 598 968 saepius
620 885 682 949 vim
705 885 971 968 comparativam,
1001 907 1065 970 qna
1087 892 1144 952 ant
1165 907 1185 950 a
1207 886 1344 951 veritate

206 1008 312 1052 rerum
334 987 383 1052 vel
405 1007 612 1071 personarum
642 985 737 1071 plane
760 986 968 1053 abhorrentia
990 995 1047 1053 aut
1069 1011 1133 1054 non
1156 988 1302 1055 omnibus
1324 1009 1345 1055 a

205 1089 352 1175 partibus
381 1110 452 1154 cum
483 1090 528 1159 cis
557 1091 763 1173 congruentia
792 1090 1009 1158 introduceret
1038 1112 1169 1176 prorsus
1199 1090 1345 1156 amisisse

206 1213 340 1275 eamque
354 1191 422 1258 sibi
444 1212 647 1274 comparasse
677 1191 956 1276 significationem,
994 1214 1058 1276 qua
1088 1215 1194 1258 rerum
1224 1195 1346 1260 veritas

205 1300 356 1378 rectaque
377 1314 489 1373 cauea,
518 1315 557 1362 ex
581 1316 644 1378 qua
666 1295 785 1361 iactum
808 1295 931 1378 aliquid
954 1296 1105 1374 oriretur,
1135 1298 1343 1364 indicaretur.

206 1397 297 1462 Nunc
319 1398 416 1461 etiam
446 1397 581 1481 probare
611 1419 762 1463 conemur
790 1399 875 1463 inter
904 1398 1063 1481 exempla,
1101 1401 1216 1482 quibus
1237 1401 1344 1467 simile

204 1523 262 1587 per
281 1501 469 1568 brevitatem
493 1499 701 1584 compositum
730 1506 880 1584 apparet,
913 1501 1077 1585 complura
1107 1525 1188 1582 esse,
1226 1503 1345 1586 quibus

204 1609 242 1672 ut
263 1604 396 1669 eandem
427 1603 489 1667 vim
522 1602 750 1681 attribuamus,
785 1623 891 1668 rerum
924 1603 1156 1688 verborumque
1188 1612 1344 1677 contextu

204 1707 355 1790 cogimur.
399 1708 505 1787 Atque
526 1724 628 1786 neque
650 1706 683 1770 in
706 1705 832 1789 scriptis
854 1706 1029 1770 minoribus
1051 1727 1154 1790 neque
1176 1709 1210 1773 in
1231 1709 1345 1774 Histo-

203 1810 261 1875 riis
283 1809 384 1874 ullum
405 1806 500 1873 huius
522 1826 599 1871 usus
619 1807 761 1873 invenies
783 1807 978 1891 exemplum3
1018 1812 1156 1876 occurrit
1183 1811 1234 1876 hic
1263 1832 1345 1878 usus

204 1913 306 1981 solum
328 1911 361 1979 in
385 1908 563 1975 Annalibus
584 1930 620 1973 eo
643 1916 786 1994 tempore
808 1910 1009 1993 conscriptis,
1040 1933 1102 1994 quo
1124 1913 1253 1977 Tacitus
1274 1934 1344 1978 ma·

202 2015 289 2085 sime
308 2013 448 2079 excoluit
468 2033 637 2095 secumque
652 2012 819 2077 constituit
840 2012 948 2078 stilum
964 2013 1024 2079 sibi
1040 2015 1243 2098 peculiarem,
1264 2036 1344 2082 suae

204 2123 336 2183 naturae
359 2115 625 2193 consentientem,
648 2114 687 2179 ab
710 2113 782 2178 aliis
805 2114 1047 2199 discrepantem.

289 2217 401 2287 Annal.
426 2217 479 2293 IV,
504 2217 606 2294 XXII,
624 2221 652 2281 9.
676 2216 787 2294 „Quod
809 2217 940 2300 perinde
963 2219 1118 2285 creditum
1140 2220 1232 2303 quasi
1252 2219 1341 2304 prin·

203 2323 281 2407 cipis
302 2322 426 2385 monitu
448 2320 488 2384 ob
510 2320 685 2385 amicitiam
708 2321 870 2402 Augustae
893 2341 965 2386 cum
988 2321 1194 2405 Urgulania‘.

289 2425 398 2506 Neque
428 2443 487 2507 pro
516 2428 603 2487 certo
633 2426 774 2489 statuere
805 2442 970 2506 possumus
998 2447 1032 2490 re
1061 2446 1136 2490 vera
1165 2423 1340 2508 principem

202 2526 362 2595 monuisse
383 2525 608 2609 Urgulaniam,
645 2530 681 2590 ut
703 2525 846 2589 mitteret
876 2527 984 2610 nepoti
1015 2529 1201 2610 pugionem,
1238 2546 1343 2609 neque

202 2651 317 2714 negare
339 2629 488 2693 ausimne.
534 2627 595 2693 Sed
619 2648 692 2694 cum
721 2628 792 2711 ipsa
814 2627 915 2694 Taciti
939 2631 1042 2695 oratio
1064 2650 1180 2714 anceps
1202 2629 1260 2707 sit,
1297 2629 1345 2694 le-

201 2734 290 2816 genti
319 2730 508 2816 permissum
540 2737 603 2808 est,
640 2731 830 2794 sententiam
859 2731 920 2796 eibi
950 2732 1139 2816 confingere.
1183 2731 1345 2814 Equidem

200 2841 293 2921 puto,
330 2855 365 2898 re
393 2853 467 2896 vera
492 2833 683 2916 principem,
720 2832 862 2897 amicitia
886 2837 1047 2916 Augustae
1069 2857 1141 2901 cum
1163 2833 1347 2918 Urgulania

201 2941 408 3014 commotum,
429 2935 624 3019 permisisse,
657 2940 694 2999 ut
715 2934 807 3001 daret
829 2957 884 3000 reo
908 2938 1092 3021 pugionem,
1122 2959 1185 3022 quo
1208 2937 1345 3001 damna·

200 3041 320 3107 tioumn
342 3040 515 3108 instantem
537 3038 639 3106 libera
661 3045 763 3103 morte
785 3037 946 3122 effugeret.

287 3141 400 3213 Annal.
425 3141 479 3217 VI,
495 3141 554 3216 ΙΙΙ,
570 3145 598 3205 5.
622 3141 726 3219 „Huic
750 3141 952 3226 (Pomponio)
974 3163 994 3209 a
1018 3142 1052 3209 G.
1078 3142 1226 3209 Considio
1248 3163 1345 3226 prae·

200 3254 273 3315 tura
294 3247 405 3312 functo
427 3243 647 3312 obiectabatur
669 3245 751 3327 Aelii
774 3243 858 3312 Galli
881 3246 1037 3322 amicitia,
1071 3247 1127 3328 qui
1148 3246 1261 3331 punito
1285 3246 1346 3312 Se·

199 3353 274 3422 iano
303 3351 336 3417 in
364 3349 476 3415 hortos
502 3346 666 3430 Pomponii
688 3346 780 3429 quasi
808 3345 996 3412 fidissimum
1019 3349 1060 3414 ad
1089 3349 1265 3416 subsidium
1288 3351 1345 3416 fu-

200 3455 327 3538 gissot“.

285 3555 394 3621 Liceat
416 3558 576 3618 vertamus
598 3552 775 3616 orationem
797 3551 959 3636 obliquam
980 3554 1013 3617 in
1038 3553 1201 3620 directam.
1239 3558 1345 3623 Accu·

200 3666 287 3724 sator
308 3658 464 3740 loquitur:
504 3654 611 3719 Aelius
634 3653 762 3732 Gallus,
787 3656 899 3736 punito
922 3655 1036 3722 Seiano
1058 3659 1091 3722 in
1115 3658 1224 3723 hortos
1248 3659 1343 3726 Pom·

199 3761 286 3846 ponii
310 3759 458 3844 perfugit.
504 3758 544 3821 Et
566 3778 622 3821 cur
644 3756 728 3821 hunc
751 3757 930 3836 advirum,
953 3781 1009 3824 cur
1032 3782 1093 3825 non
1118 3761 1159 3828 ad
1183 3761 1282 3825 alium
1307 3785 1345 3830 se

200 3864 357 3935 contulit?
400 3861 489 3926 Haec
510 3860 721 3943 interroganti
736 3859 907 3943 respondet
922 3863 954 3926 in
971 3863 1080 3927 eadem
1098 3864 1342 3932 enunciationc:

200 3967 293 4051 quasi
314 3966 354 4030 ad
378 3965 553 4030 subsidium
575 3963 779 4042 fidissimum,
816 3964 893 4046 quia
922 3965 1006 4048 apud
1036 3966 1246 4050 Pomponium
1277 3968 1343 4035 eibi

200 4069 387 4139 fidissimum
409 4067 584 4134 subsidium
606 4073 755 4151 paratum
778 4084 846 4132 esee
867 4088 925 4150 pro
948 4074 1034 4131 certo
1057 4071 1191 4152 putavit.
1236 4069 1342 4136 Inter-

200 4194 268 4240 esse
291 4194 367 4239 sane
389 4171 538 4248 debebat,
570 4177 606 4235 ut
629 4170 752 4234 felicem
775 4169 1004 4254 adipisceretur
1027 4191 1221 4248 successum,
1245 4194 1342 4238 accu-

201 4277 331 4356 satoris,
367 4295 464 4359 qnam
487 4280 613 4357 poterat
633 4273 843 4340 certissimam
865 4293 1048 4361 expremere
1071 4277 1263 4340 sententiam
1286 4296 1343 4344 ac·
