2836 4814
688 263 726 320 14

135 443 237 509 Taciti
260 463 357 528 opera
378 449 436 508 aut
458 444 627 508 ediderunt
648 447 705 508 ant
735 443 971 509 transtulerunt
993 446 1135 507 nostram
1157 440 1191 503 in
1213 438 1273 502 lin-

136 568 232 630 gnam
254 546 346 611 valde
368 553 565 612 erraverunt.
609 545 764 629 Exempla
778 565 861 629 quae
883 549 1024 624 exstant,
1047 544 1079 608 in
1098 541 1274 607 Annalibus

136 654 263 714 tantum
285 647 441 730 leguntur.
987 694 990 700 -

80 832 81 836 Ἰ
223 750 336 815 huual.
360 751 388 827 I,
410 750 539 829 XXXV,
566 755 614 814 14.
649 748 748 829 „Tum
781 770 870 826 vero,
902 749 995 832 quasi
1022 747 1138 812 scelere
1166 751 1273 811 conta·

137 853 328 931 minaretur,
349 851 584 936 (Germanicus)
606 872 758 936 praeceps
780 851 933 917 tribunali
956 851 1104 916 desiluit“
1119 851 1161 932 *).

224 953 327 1035 „Weil
349 974 385 1020 cr
407 953 458 1019 die
479 954 619 1019 schaude
641 953 757 1032 frihlte,
788 952 839 1018 die
862 975 936 1019 man
965 953 1032 1018 ihm
1053 949 1275 1028 zumuthete“;

139 1057 342 1124 falsissimum
365 1078 455 1123 vero:
495 1058 563 1139 „als
584 1057 726 1121 muthete
748 1076 822 1121 man
851 1057 917 1121 ihm
941 1057 1031 1120 einen
1055 1053 1276 1120 schandbarcn

139 1159 237 1226 frevel
260 1166 328 1239 zu“,
365 1167 402 1223 ut
424 1159 559 1225 Rothiua
581 1158 755 1224 transtulit.
801 1158 1021 1223 Certissimum
1042 1157 1126 1222 enim
1149 1160 1212 1233 est,
1248 1153 1276 1218 si

139 1262 251 1339 verba,
274 1281 356 1345 qnae
379 1268 565 1346 sequuntur,
588 1260 795 1339 conferimus,
818 1261 845 1325 si
867 1260 1017 1343 legimus:
1041 1262 1277 1343 „opposuerunt

139 1364 267 1431 abeunti
290 1384 380 1427 arma
403 1365 606 1442 minitantes,
628 1363 660 1426 ni
682 1362 919 1446 regrederetur3
952 1368 996 1428 at·
1011 1363 1065 1427 ille
1087 1361 1276 1426 moriturum

139 1468 246 1553 potius
267 1487 363 1549 quam
384 1465 480 1530 fidem
503 1474 633 1532 exueret
661 1465 843 1545 clamitans,
880 1466 998 1531 ferrum
1029 1487 1049 1530 a
1076 1464 1177 1529 latere
1200 1463 1278 1526 diri-

140 1572 210 1656 puit
234 1570 417 1653 elatumque
434 1568 599 1634 deferebat
620 1569 655 1632 in
677 1575 801 1652 peetus,
825 1569 858 1633 ni
880 1567 1017 1652 proximi
1038 1587 1180 1660 pressam
1202 1564 1275 1630 dex·

142 1679 224 1739 tram
248 1673 280 1736 vi
302 1670 544 1748 adtinuissent“,
567 1670 594 1734 si
617 1670 731 1734 deinde
747 1677 967 1755 computamus
983 1689 1169 1753 generosum
1191 1689 1278 1751 egre-

141 1777 185 1860 gii
208 1776 269 1841 viri
291 1774 448 1851 animum,
486 1771 612 1857 qualem
635 1794 674 1838 cx
695 1773 830 1838 historia
851 1774 1067 1856 cognovimus,
1104 1791 1279 1837 commove·

142 1881 256 1956 bimur,
286 1886 321 1943 ut
345 1875 525 1954 credamus,
560 1895 631 1939 eum
655 1896 729 1940 saue
752 1897 829 1956 non,
853 1884 889 1942 ut
911 1877 1006 1942 vilem
1026 1877 1213 1941 histrionem
1235 1873 1278 1939 ol·

142 1982 224 2048 lensi
246 1986 355 2065 partes
376 1978 551 2042 obtinuisse
573 1997 675 2060 neque
697 1979 998 2044 contaminationem
1022 1980 1202 2058 simulasse,
1224 1978 1279 2043 sed

142 2107 178 2150 re
201 2105 292 2161 vera,
328 2080 436 2146 oblato
463 2079 597 2162 imperio
629 2079 756 2165 fideque
777 2086 935 2166 temptata
956 2083 1144 2165 gravissima
1165 2082 1279 2146 arsisse

143 2185 318 2253 iracundia.

230 2287 342 2352 Annal.
366 2284 439 2364 XII,
461 2284 531 2363 LII,
555 2287 584 2348 2.
614 2283 754 2363 „Fausto
777 2283 866 2350 Sulla
888 2285 995 2351 Salvio
1020 2286 1145 2352 Othone
1168 2307 1280 2351 consu·

145 2391 228 2456 libus
258 2389 375 2454 Furius
397 2387 623 2453 Scribonianus
656 2388 690 2452 in
724 2387 870 2453 exsilium
904 2390 1027 2473 agitur,
1064 2390 1155 2474 quasi
1187 2389 1283 2453 finem
1357 2413 1359 2415 ¹

145 2493 296 2579 principis
318 2513 375 2576 per
397 2489 575 2555 Chaldaeos
597 2496 823 2556 scrutaretur“.

230 2595 302 2660 Jam
327 2595 509 2677 Zumptius,
533 2600 569 2657 ut
590 2614 688 2677 supra
709 2595 952 2660 memoravimus
974 2616 1038 2659 uon
1060 2593 1169 2678 procul
1192 2614 1212 2658 a
1232 2614 1283 2657 ve-

146 2697 243 2762 ritate
265 2696 439 2775 aberravit,
469 2695 632 2779 explicans
659 2694 761 2760 locum
785 2697 904 2762 verbis:
942 2718 996 2777 „es
1017 2719 1083 2762 war
1104 2697 1181 2762 aher
1202 2696 1283 2760 auch

147 2799 290 2864 wirlrlich
323 2805 389 2876 so“,
427 2819 521 2881 quam
557 2798 799 2882 explicationem
816 2798 1008 2877 ,Wblfliuins
1040 2799 1220 2864 emendavit
1252 2802 1284 2862 et

147 2901 330 2966 accuratius
346 2901 501 2985 expressit
516 2901 583 2986 **):
608 2900 699 2977 „weil
721 2921 763 2980 er,
785 2901 843 2965 wie
859 2922 932 2964 man
954 2901 1019 2965 ihm
1043 2924 1098 2966 zur
1119 2902 1181 2966 last
1201 2899 1285 2982 legte

148 3002 365 3086 (angeblich),
404 3002 564 3068 Chald'a'er
591 3002 671 3067 iiber
700 3002 762 3067 den
792 3003 863 3068 todt
884 3005 940 3068 des
961 3005 1082 3070 kaisers
1110 3003 1283 3088 befragrer‘.

147 3105 234 3185 Non,
270 3105 320 3168 W.
342 3105 464 3188 inquit,
501 3106 637 3189 scriptor
665 3106 843 3190 periculum
871 3107 1034 3191 praestitit
1062 3107 1289 3180 contentionis,

147 3210 265 3274 iustam
288 3205 384 3272 fuisse
407 3208 656 3288 accusationem,
693 3209 778 3292 quod
810 3208 916 3289 fieret,
949 3209 976 3273 si
998 3211 1152 3293 scriptum
1184 3216 1282 3274 esset:

148 3312 245 3396 „quia
267 3311 501 3376 scrutabatur“.
545 3310 722 3376 Verisimile
746 3312 874 3396 quidem
898 3317 959 3390 est,
980 3312 1214 3378 accusationem
1236 3318 1286 3376 te-

150 3464 354 3476 —.--——-

201 3543 227 3613 *l
243 3542 439 3613 Nipperdeius,
470 3542 517 3610 qui
542 3542 637 3596 multis
666 3542 733 3596 locis
751 3541 885 3597 Wolflinii
910 3545 1076 3598 sententiam
1101 3548 1209 3600 secutus
1235 3551 1284 3610 est,

149 3633 263 3702 negavit
281 3631 412 3686 hocloco
430 3630 512 3683 aliam
530 3630 696 3699 particulae,
727 3647 808 3699 quam
832 3631 963 3684 usitatam
990 3632 1078 3686 inesse
1100 3635 1155 3687 vlrn
1173 3633 1283 3689 verbis:

149 3719 201 3774 Die
218 3722 432 3788 voraussetzuug
450 3719 499 3772 der
516 3718 696 3789 miglichkeit
721 3719 807 3772 seiues
826 3717 940 3773 ahlalles
957 3737 1011 3774 von
1029 3721 1155 3774 Tiberius
1176 3721 1284 3776 erhillte

149 3808 198 3862 ihrr
216 3808 269 3861 mit
287 3824 317 3861 so
334 3805 485 3860 lebhaftcm
503 3807 645 3874 uuallon,
676 3807 716 3859 als
735 3806 827 3860 wollte
849 3824 913 3861 man
936 3807 984 3861 ihn
1002 3808 1032 3862 in
1049 3808 1234 3862 wirklichkeit
1251 3828 1284 3864 zu

151 3895 239 3950 einem
258 3893 426 3948 verbrechen
449 3893 591 3963 niithigen.
626 3895 757 3950 Attamen
781 3895 883 3949 milites
907 3897 1052 3951 seditiosos
1078 3915 1133 3951 nou
1153 3898 1285 3952 derebus

150 3982 250 4037 laturis
269 3983 417 4052 cogitasse,
443 3982 491 4036 sed
513 3983 651 4051 praesenti
669 3983 800 4051 temporis
823 3987 961 4038 momento
980 3985 1015 4039 ad
1032 3986 1216 4054 arripiendum
1234 3985 1283 4038 im·

150 4071 257 4141 perium
274 4086 336 4124 eum
352 4069 493 4138 impellere
510 4069 629 4124 voluisse
655 4087 688 4124 ex
717 4071 770 4133 eis,
802 4088 873 4140 quae
899 4073 1078 4142 antecedunt,
1110 4091 1164 4128 non
1193 4075 1283 4126 minus

151 4175 233 4228 quam
252 4175 286 4213 ex
302 4157 407 4224 verbis,
427 4175 497 4226 quae
515 4162 665 4226 sequuntur
682 4163 895 4214 consentaneum
912 4160 1031 4214 videtur.

186 4245 226 4317 **)
244 4244 283 4298 Cf.
302 4245 393 4300 wolfi.
410 4244 480 4300 Phil.
497 4246 596 4314 XXIV,
613 4263 659 4315 pg.
681 4249 738 4301 119.
