2836 4814
691 285 731 346 32

227 468 299 533 Iure
319 473 434 552 putare
455 467 599 532 videmur
627 473 675 533 tot
696 469 849 552 exemplis
881 469 988 533 allatis
1017 488 1108 532 nsum
1137 469 1281 552 particu-

140 570 206 650 lae,
243 592 336 654 quem
368 570 519 650 diximus,
555 570 641 655 apud
672 570 818 635 Tacitum
847 572 902 636 diu
929 583 1041 655 parum
1071 570 1281 651 intellectum,

141 673 262 739 diutius
284 674 393 756 negari
416 695 478 738 non
502 694 603 757 posse.

225 775 336 841 Liceat
357 777 415 842 sub
436 775 532 841 finem
561 775 656 839 huius
677 776 872 858 quaestionis
895 775 1066 841 nonnullos
1087 795 1279 859 componere

140 879 275 958 indices,
312 899 351 942 ex
386 877 502 961 quibus
542 886 751 960 cognoscatur
788 877 925 942 dilucide
962 878 1066 960 qualis
1098 877 1279 961 particulae

140 1000 216 1045 usus
238 980 322 1065 apud
345 981 491 1045 Tacitum
512 978 618 1045 luerit.
661 980 783 1059 Quibus
805 1001 844 1045 ex
866 981 1007 1045 numeris
1029 979 1178 1056 discitur,
1215 980 1280 1044 Ta·

140 1083 242 1156 eitum,
261 1083 342 1146 hanc
363 1082 554 1166 particulam
582 1083 615 1147 in
643 1083 769 1166 scriptis
799 1083 974 1148 minoribus
997 1089 1029 1147 et
1051 1083 1200 1148 Historiis
1222 1103 1280 1148 ra·

140 1185 223 1264 ulus,
246 1186 395 1249 usitatius
417 1190 523 1248 autem
545 1185 578 1248 in
603 1185 778 1250 Annalibus
802 1185 992 1250 adhibuisse.

225 1288 295 1366 Qua
317 1308 412 1352 exre
434 1292 562 1371 praeter
583 1284 664 1352 alias
687 1287 820 1366 multas,
850 1288 1066 1352 testimonium
1088 1294 1174 1352 recte
1197 1288 1279 1352 bau-

140 1391 254 1466 rimula,
291 1390 436 1455 Tacitum
470 1389 635 1455 scribendo
658 1390 768 1455 stilum
790 1410 881 1455 suum
904 1391 1112 1475 percoluisse‚
1149 1391 1280 1474 alioque

140 1513 253 1576 genere
281 1492 406 1557 dicendi
438 1492 659 1576 scribendique
689 1493 851 1570 iuvenem,
889 1493 952 1556 alic
980 1491 1098 1571 virum,
1134 1493 1281 1575 longiore

139 1596 292 1679 temporis
323 1596 426 1678 spatio
457 1594 636 1673 interiecto,
674 1616 765 1660 usum
795 1616 862 1659 esse
892 1616 994 1678 neque
1024 1595 1084 1659 nisi
1114 1615 1171 1679 per
1192 1616 1281 1661 com-

138 1696 246 1782 plures
277 1697 444 1780 variosqnc
476 1699 632 1762 transitus
668 1698 862 1782 gradusque,
901 1719 1034 1781 quorum
1069 1698 1202 1782 vestigia
1237 1721 1281 1763 ex

139 1801 266 1885 scriptis
288 1798 464 1864 minoribus
482 1807 515 1864 et
528 1799 680 1866 Historiis
701 1800 870 1866 manifesto
893 1807 1064 1884 apparent,
1087 1801 1127 1864 ad
1150 1801 1183 1866 id
1205 1822 1281 1884 per-

138 1902 284 1968 fectionis
312 1901 583 1986 absolutionisque
611 1925 763 1968 cacumen
794 1903 992 1986 pervenisse,
1028 1904 1112 1986 qnod
1146 1905 1178 1968 in
1210 1926 1280 1970 ser·

138 2025 231 2072 mone
253 2005 335 2080 eins,
358 2003 461 2088 qualis
482 2005 515 2068 in
538 2007 715 2071 Annalibus
737 2012 856 2084 exstat,
891 2027 1014 2070 summa
1043 2027 1115 2070 cum
1138 2007 1281 2073 admira·

137 2109 224 2174 tione
247 2106 390 2191 legimus.
434 2104 563 2170 Falsum
586 2110 683 2192 igitur
705 2116 803 2186 esset,
837 2109 863 2172 si
886 2107 1102 2192 exemplorum
1135 2114 1279 2177 numeris

138 2211 286 2276 commoti
315 2215 500 2293 putaremus
527 2211 561 2273 in
592 2211 718 2294 scriptis
748 2210 922 2275 minoribus
949 2218 982 2274 et
1002 2211 1153 2276 Historiis
1181 2213 1277 2296 longe

138 2313 291 2378 minorem
322 2312 569 2396 comparationis
601 2312 817 2397 exemplorum
847 2314 970 2396 copiam
1001 2313 1178 2380 adhibitam
1204 2337 1274 2380 esse

138 2436 235 2500 quam
258 2416 291 2480 in
316 2414 504 2495 Annalibus,
539 2437 610 2481 cum
633 2437 684 2481 res
706 2416 752 2480 ita
773 2437 806 2481 se
828 2416 964 2494 babeat,
998 2422 1034 2480 nt
1055 2438 1118 2500 quo
1145 2418 1274 2483 latiores

137 2518 218 2584 fines
238 2517 397 2602 particula
420 2519 551 2602 ‚‚quasi“
573 2525 723 2604 occupat,
757 2539 794 2584 eo
817 2521 918 2602 magis
946 2519 1179 2584 simillimarum
1201 2541 1277 2604 par·

137 2619 323 2698 titularum,
359 2621 393 2685 in
422 2621 533 2705 primis
555 2623 681 2702 „velut“
711 2643 786 2686 usus
814 2621 1059 2686 circumcidatur
1081 2642 1151 2686 eam
1174 2622 1278 2689 solam

138 2723 342 2800 cheensem,
379 2723 464 2805 quod
486 2723 541 2788 illo
564 2730 720 2808 tempore,
751 2745 813 2808 quo
836 2724 977 2788 Annales
999 2725 1176 2809 composuit
1198 2728 1279 2790 scri-

137 2833 211 2912 ptor
230 2827 332 2908 magis
353 2843 448 2909 quam
471 2832 594 2891 ceteras
616 2828 747 2910 „quasi“
778 2826 967 2910 particulam
989 2828 1152 2910 magisque
1174 2849 1276 2911 quam

138 2934 233 2994 antea
254 2928 425 2994 adamavit.
