2836 4814
632 282 672 349 59

92 471 248 554 genbeit‘t
292 471 329 538 In
351 469 454 538 verbis
474 490 608 554 quoqne,
630 491 711 554 qnae
732 476 907 554 sequuntur
928 470 1046 536 dicitur
1065 468 1105 534 de
1128 469 1218 553 prae

93 577 218 657 sumpta
240 571 325 656 apud
346 572 478 638 militem
499 572 585 638 illius
606 575 681 639 anni
703 574 817 657 quiete.

177 701 553 784 Agric.XXXXlll,17.
585 702 692 781 „Satis
720 703 886 770 constabat
917 703 998 769 lecto
1030 705 1220 768 testamento

94 804 271 888 Agricolae,
309 825 370 886 quo
392 803 598 871 cohaeredem
621 805 759 890 optimae
790 807 882 873 uxori
903 811 935 871 et
955 804 1115 891 piissimae
1134 802 1227 876 filiae-

95 908 308 973 Domitianum
330 905 455 990 scripsit
475 905 629 972 laetatum
650 928 723 972 eum
744 909 831 974 velut
852 909 970 974 honore
990 907 1199 992 iudicioque‘t

176 1010 264 1076 Haec
285 1010 442 1074 sententia
461 1030 517 1093 per
538 1031 570 1075 se
593 1010 694 1075 solum
716 1010 798 1075 lecta
819 1009 985 1092 solutaque
1008 1032 1047 1076 ex
1068 1008 1222 1075 sermonis

94 1118 243 1179 contextu
264 1111 437 1176 rectissime
457 1111 630 1177 redditur‘t
673 1111 853 1191 „Domitian
875 1113 977 1177 freute
991 1111 1057 1178 sich
1071 1112 1150 1178 iiber
1164 1108 1222 1176 das

95 1218 279 1293 testament,
301 1213 370 1277 weil
392 1213 533 1305 erdariu
554 1213 607 1277 fiir
628 1214 695 1278 sich
717 1215 767 1280 ein
783 1213 976 1280 ehrenrolles
993 1214 1113 1280 urtheil
1133 1213 1220 1279 sah‘t

94 1318 177 1382 Nam
198 1317 225 1381 si
251 1316 413 1391 sensisset,
451 1315 565 1380 timore
596 1313 697 1381 solum
720 1317 898 1401 Agricolam
929 1316 1116 1400 perductum
1145 1335 1222 1394 csse,

94 1424 131 1484 ut
152 1439 223 1484 eum
254 1416 437 1483 coheredem
468 1416 630 1494 scriberet,
667 1438 742 1483 sano
773 1419 899 1501 gavisus
930 1438 994 1483 non
1026 1424 1116 1484 essct.
1160 1417 1222 1489 Sed

96 1521 178 1586 hanc
198 1507 405 1604 suspicionem
426 1517 531 1583 animo
561 1540 624 1585 non
655 1521 810 1606 concepit,
845 1521 970 1605 putavit
997 1521 1061 1586 imo
1083 1541 1152 1586 eam
1174 1540 1222 1585 so·

96 1624 163 1688 lum
184 1623 224 1689 ob
246 1641 374 1688 oausam
396 1619 577 1703 Agricolam
606 1622 670 1688 tale
701 1626 923 1687 testamentum
952 1620 1074 1703 fecisse,
1110 1626 1147 1688 ut
1167 1621 1223 1687 ho-

96 1725 262 1792 norificum
283 1745 359 1808 erga
380 1723 551 1814 principem
572 1722 669 1789 ferret
689 1723 851 1790 iudicium.

181 1855 230 1920 Ex
250 1853 352 1925 uerbis
374 1860 480 1919 autem
501 1874 582 1938 quae
604 1851 778 1941 sequuntur
799 1854 1026 1938 cognoscimus,
1047 1875 1129 1940 quae
1149 1874 1224 1923 vera

97 1958 198 2023 Taciti
220 1957 377 2022 sententia
398 1956 458 2022 hoc
479 1956 517 2021 de
538 1959 727 2023 testamento
749 1954 860 2036 fuerit,
883 1957 938 2041 qui
959 1957 1100 2045 scripsit:
1137 1961 1224 2035 „tam

97 2083 191 2127 caeca
213 2065 246 2125 et
267 2063 416 2141 corrupta
437 2078 525 2124 mens
546 2057 681 2123 assiduis
702 2056 938 2124 adulationibus
960 2065 1046 2141 erat,
1069 2064 1105 2128 ut
1126 2060 1224 2129 nesci·

96 2171 146 2230 ret
167 2184 187 2227 a
208 2162 290 2227 bono
312 2165 404 2245 patre
426 2180 488 2224 non
513 2161 608 2226 scribi
628 2158 776 2227 heredem
798 2160 859 2225 nisi
882 2163 1000 2227 malum
1021 2161 1223 2246 principem“.

98 2269 185 2353 Quae
206 2265 303 2346 igitur
324 2262 506 2329 Domitiano
527 2283 602 2328 vera
623 2281 735 2339 causa,
757 2261 867 2328 Tacito
887 2263 969 2328 falsa
990 2264 1109 2348 species
1130 2269 1162 2329 et
1185 2263 1225 2337 si·
1342 2351 1345 2358 Ι

94 2367 227 2433 mulatio
248 2366 426 2430 necessaria
440 2383 507 2428 esse
522 2366 589 2430 risa
603 2368 660 2429 est.
704 2363 800 2429 Recte
822 2363 921 2448 igitur
941 2371 1084 2432 nostrum
1105 2366 1139 2431 in
1162 2385 1225 2439 ser·

94 2489 219 2536 monem
251 2467 492 2532 transferemus:
530 2466 594 2546 „Er
624 2464 726 2531 freute
760 2465 827 2552 sich
852 2465 932 2538 iiber
958 2466 1016 2532 das
1044 2472 1224 2548 testament,

94 2572 164 2639 weil
184 2591 220 2634 er
242 2570 346 2649 dorin,
382 2569 520 2635 obschon
551 2566 733 2649 fa'lschlich,
770 2565 822 2636 fiir
850 2567 916 2633 sich
948 2567 998 2636 ein
1027 2568 1225 2645 ebrenrolles

96 2675 213 2740 urtheil
236 2673 322 2739 sah“.

179 2804 261 2873 Hist.
283 2803 341 2880 111,
364 2802 419 2882 IX,
443 2807 492 2868 26.
525 2801 708 2882 „Recitalae
737 2822 795 2887 pro
826 2803 973 2869 contione
994 2804 1148 2888 epistulae
1169 2805 1226 2872 ad·

97 2906 204 2973 didere
226 2896 389 2982 fiduciam,
411 2905 495 2989 quod
516 2904 668 2972 submisse
691 2903 842 2983 Caecina,
864 2906 950 2971 uelut
971 2905 1129 2975 offendere
1150 2908 1226 2976 vce

97 3007 262 3092 pasionum
284 3007 411 3082 timens,
439 3007 578 3093 ipsorum
600 3007 695 3074 duces
716 3009 922 3092 contemptim
945 3014 1105 3094 tamquam
1128 3009 1227 3079 issul-
1268 2995 1272 3001 ’

98 3114 203 3176 tantos
225 3107 352 3173 Vitellio
373 3108 599 3191 scripsissent“.
759 3191 761 3195 Α

181 3211 314 3280 Fiducia
333 3209 479 3294 completi
501 3216 576 3275 sunt
590 3210 687 3275 animi
702 3209 854 3292 militum,
875 3213 930 3297 qui
952 3214 1146 3297 explicantes
1166 3216 1226 3287 sibi

25 3340 27 3344 ⁴
97 3319 131 3379 et
151 3314 352 3382 observantes
379 3311 667 3380 dissimilitudinem
697 3314 832 3381 duarum
865 3315 1122 3399 epistularuma
1149 3317 1226 3389 (lae-

98 3416 170 3481 oina
191 3421 223 3480 et
243 3416 383 3499 ipsorum
403 3435 424 3480 a
445 3415 577 3481 ducibus
598 3415 802 3500 scriptarum,
838 3417 899 3484 sibi
919 3425 1158 3499 persuaserunt,
1180 3419 1227 3499 ,il-

97 3518 163 3582 lum
186 3518 296 3582 timere
315 3516 557 3601 Vespasianum,
587 3516 645 3583 has
672 3518 827 3584 insultare
849 3518 976 3585 Vitellio
998 3539 1132 3603 eumque
1153 3541 1226 3590 con.-

99 3626 250 3685 temnere.
295 3619 392 3684 Recte
415 3639 467 3684 eos
497 3619 653 3687 iudicasse
675 3639 714 3684 ex
736 3621 839 3705 capite
857 3621 937 3692 XIII
959 3620 1065 3701 (huius
1086 3621 1172 3703 libri)
1193 3629 1226 3690 et

99 3722 159 3800 eis,
182 3742 262 3806 qaae
284 3724 471 3803 sequuntur,
493 3721 662 3786 manifesto
683 3727 827 3806 apparet,
869 3723 1001 3794 vertam
1020 3723 1132 3806 igitur:
1154 3725 1227 3806 „dio

98 3822 196 3886 briefe
219 3822 387 3906 eteigerten
409 3822 478 3887 ihre
500 3823 690 3900 zuversicht‚
713 3815 755 3890 da
777 3824 914 3909 Caecina
935 3825 1135 3907 bescheiden,
1157 3827 1227 3898 weil

99 3944 134 3989 er
157 3925 227 4002 (wie
246 3924 291 3989 sie
312 3923 448 3991 n'amlich
464 3908 656 4003 aunahmcn)
672 3926 845 4010 Vespasiae
868 3948 905 3994 zu
926 3927 1101 4012 beleidigen
1123 3929 1226 3998 finch-

98 4032 144 4105 te,
166 4025 234 4091 ihre
255 4025 434 4092 foldberren
455 4028 531 4091 aber
553 4027 653 4097 voller,
671 4027 883 4113 verachtung,
903 4030 972 4094 weil
993 4030 1040 4097 sie
1060 4031 1130 4103 sich
1147 4032 1227 4103 uber

98 4127 245 4194 Vitellius
266 4127 364 4212 lustig
385 4128 545 4208 maobten,
567 4127 769 4213 gescbrieben
790 4130 930 4201 hitten‘t

182 4253 265 4319 Hist.
276 4255 335 4335 Ill,
346 4253 478 4337 XXVII,
493 4260 540 4321 15.
563 4256 766 4336 „Incessabat
778 4258 952 4339 ounotati0,
974 4259 1008 4325 ni
1028 4261 1125 4327 duces
1145 4261 1225 4332 fesso
