2836 4814
807 288 845 347 18

257 494 319 537 non
343 491 471 556 prorsus
493 470 684 555 respondere
705 470 784 534 bene
806 469 905 533 seivit.
950 468 1020 532 Non
1041 467 1248 531 enimomnes
1271 467 1394 544 ferrati,

257 577 312 659 qui
335 574 529 653 ceciderant,
554 574 715 637 exanimes
731 579 838 651 erant,
860 571 914 636 sed
930 572 1021 656 quasi
1037 571 1197 635 exanimes
1219 571 1287 635 siue
1303 577 1393 634 motu

257 684 289 741 et
312 677 398 741 nullo
421 674 461 740 ad
483 675 709 759 resurgendum
733 676 804 738 nisu
825 674 981 738 iacebant.

342 779 460 843 Eodem
483 777 576 842 modo
599 776 728 841 audacis
758 776 871 841 similis
901 798 977 841 usus
1006 774 1182 858 particulae
1213 775 1393 840 adiectione

256 880 390 946 lenitur:
424 881 536 945 Annal.
562 880 614 956 VI,
637 879 725 955 XIII,
751 883 798 943 20.
826 879 980 960 „Perinde
1003 879 1035 942 in
1057 877 1142 956 foro,
1181 877 1213 939 in
1238 879 1393 958 convivio,

256 1003 384 1067 quaqua
405 982 444 1046 de
466 1004 500 1047 re
522 981 619 1045 locuti
641 981 885 1060 incusabantur,
908 987 944 1045 ut
962 982 1033 1065 quis
1048 983 1231 1064 praevenire
1247 988 1279 1042 et
1301 1002 1393 1046 reum

257 1085 417 1151 destinare
448 1090 614 1169 properat,
651 1105 726 1168 pars
758 1085 800 1149 ad
835 1083 1008 1148 subsidium
1044 1084 1105 1162 sui,
1142 1083 1249 1166 plures
1282 1083 1394 1150 infecti

256 1191 348 1274 quasi
369 1189 552 1254 valetudine
575 1193 607 1251 et
628 1191 807 1251 contactu“.

306 1337 309 1340 -
342 1291 459 1355 Annal.
482 1289 554 1370 XII,
578 1290 655 1367 VII,
681 1293 727 1352 ll.
766 1287 966 1369 „Adductum
999 1293 1047 1351 est
1080 1289 1171 1371 quasi
1205 1288 1295 1352 virile
1327 1309 1393 1354 ser·

255 1395 399 1458 vitium“.

341 1496 510 1562 Servitium
540 1493 580 1558 ab
611 1491 782 1576 Agrippina
811 1491 962 1555 Romanis
991 1492 1178 1575 impressum
1209 1493 1300 1558 virile
1329 1494 1394 1561 dici

256 1604 396 1683 poterat,
419 1602 564 1680 respectu
587 1596 695 1660 habito
711 1596 752 1660 ad
773 1595 899 1659 modum
918 1602 950 1659 et
971 1596 1142 1675 rationem,
1165 1598 1279 1679 quibus
1303 1620 1394 1664 exer·

256 1701 403 1777 sebatur,
426 1720 483 1783 per
505 1693 688 1784 μεταβολήν
711 1698 912 1762 audaciorem
934 1698 987 1762 sed
1010 1697 1225 1763 efficaciorem.

342 1802 456 1868 Annal.
480 1801 568 1878 XIII,
591 1800 709 1878 XVIII,
732 1804 760 1864 3.
787 1800 871 1880 ,Neo
894 1800 1037 1879 defuere,
1076 1802 1130 1885 qui
1153 1810 1327 1890 arguerent
1348 1808 1394 1871 vi·

256 1927 309 1972 ros
332 1906 522 1990 gravitatem
545 1902 784 1981 adseverantes,
822 1902 905 1985 quod
936 1902 1044 1968 domos
1073 1905 1164 1970 villas
1187 1906 1220 1970 id
1242 1910 1395 1992 temporis

256 2011 346 2093 quasi
369 2007 520 2093 praedam
543 2005 751 2070 divisissent“.

343 2112 451 2193 Imago
474 2109 642 2191 desumpta
664 2129 683 2171 a
705 2108 873 2173 venatione
902 2109 952 2173 vel
974 2129 994 2173 a
1017 2109 1099 2174 bello
1122 2110 1162 2174 ad
1185 2113 1391 2194 partitionem

257 2214 407 2278 domuum
430 2216 462 2275 et
483 2209 629 2275 villarum
652 2209 811 2274 translata
833 2232 890 2295 per
914 2213 1043 2295 „quasi“
1066 2213 1249 2278 introducta
1270 2223 1327 2278 est.

342 2313 456 2378 Annal.
478 2314 568 2394 XIII,
589 2313 675 2390 XXI,
703 2317 749 2376 14.
774 2311 885 2393 ,Nunc
906 2334 964 2397 per
985 2315 1194 2380 concubinum
1219 2318 1390 2380 Atimetum

256 2422 289 2483 et
310 2416 497 2481 histrionem
520 2415 668 2479 Paridem
691 2415 783 2499 quasi
805 2436 940 2480 scaenae
959 2416 1085 2482 fabulas
1106 2420 1311 2503 composuit“.

341 2518 385 2584 Ut
406 2518 562 2583 indicaret
585 2518 759 2602 Agrippina
782 2539 880 2584 vanas
910 2526 942 2585 et
972 2519 1063 2584 fictas
1085 2540 1152 2584 esse
1175 2523 1393 2587 accusationes

257 2621 440 2687 aDomitia
462 2620 521 2685 sibi
544 2620 682 2685 obiectas
711 2642 781 2687 oum
815 2622 932 2687 fabulis
961 2643 1095 2688 scaenae
1124 2624 1321 2708 compositis,
1359 2646 1393 2688 re

259 2731 367 2790 autem
392 2743 467 2788 vera
488 2744 552 2787 uon
575 2723 784 2788 existentibus
807 2744 860 2788 eas
883 2726 1087 2809 comparavit.

345 2826 458 2892 donat·
480 2826 569 2903 XIII,
582 2825 711 2905 XXXV,
729 2830 757 2890 6.
781 2825 885 2906 „Satis
907 2828 1050 2893 constitit
1070 2829 1166 2894 fuisso
1188 2830 1221 2892 in
1244 2848 1280 2893 eo
1302 2848 1391 2891 exer-

259 2929 324 2995 citu
347 2935 527 3005 veteranos,
550 2928 688 3011 quinon
712 2929 895 3010 stationem,
924 2953 987 2995 non
1009 2932 1135 3014 vigilias
1156 2931 1305 3011 inissent,
1326 2932 1392 2995 val-

260 3031 328 3096 lum
352 3022 532 3115 fossamque
554 3031 643 3113 quasi
667 3051 749 3095 nora
770 3037 803 3095 et
823 3033 905 3096 mira
926 3034 1095 3098 viserent“.

344 3133 477 3199 Videtur
501 3135 630 3217 ,quasi“
655 3131 714 3198 hoo
736 3133 803 3198 loco
818 3136 961 3219 proxime
977 3137 1018 3200 ad
1034 3136 1298 3218 significationem
1320 3157 1393 3219 par-

259 3233 377 3301 ticulae
398 3253 499 3318 paene
521 3234 680 3299 accedere.
787 3236 788 3239 ’

345 3337 460 3402 Annal.
483 3338 572 3416 XIII,
594 3337 746 3416 XXXXI,
774 3343 820 3404 17.
859 3339 968 3421 „Quod
1002 3339 1165 3403 moenibus
1197 3339 1395 3422 cingebatur,

260 3447 391 3524 repente
413 3442 459 3503 ita
482 3447 554 3504 atra
576 3441 659 3504 nube
682 3447 863 3524 coopertum
886 3442 1121 3526 fulgoribusque
1142 3443 1315 3508 discretum
1336 3449 1395 3523 est,

261 3548 299 3608 ut
321 3543 411 3627 quasi
434 3542 667 3607 infensantibus
689 3542 755 3607 deis
777 3545 873 3610 exitio
895 3546 980 3609 tradi
1002 3546 1214 3612 crederetur“.

346 3644 509 3710 Profertur
540 3664 597 3728 per
629 3645 818 3728 particulam
848 3648 1010 3712 contentio
1041 3649 1195 3732 quaedam
1228 3650 1332 3712 audax
1362 3656 1396 3712 et

263 3747 453 3825 eiusmodi,
490 3748 528 3812 do
551 3748 640 3812 ouius
661 3749 795 3812 veritate
825 3754 932 3814 utrum
956 3751 1149 3816 dubitarent
1171 3751 1300 3815 Tacitus
1322 3770 1395 3815 nee-

264 3871 321 3928 ne,
343 3848 469 3914 difficile
492 3854 541 3914 est
561 3850 736 3915 diiudicare
753 3851 785 3936 *j

348 3951 500 4016 Similiter
515 3959 717 4037 comparatus
739 3961 788 4017 est
810 3954 909 4034 locus,
933 3957 986 4038 qui
1002 3956 1162 4039 sequitur:
1187 3956 1297 4021 Annal.
1309 3956 1395 4032 XIV,

265 4057 301 4135 V,
323 4059 352 4119 2.
377 4055 528 4136 ,Noctem
559 4056 713 4120 sideribus
742 4055 907 4121 inlustrem
937 4066 970 4121 et
991 4059 1117 4142 placido
1140 4061 1221 4124 mari
1243 4061 1396 4143 quietam,

264 4159 354 4241 quasi
378 4158 622 4223 convincendum
647 4159 687 4222 ad
710 4159 812 4224 scelus
834 4160 866 4224 di
888 4161 1091 4243 praebuere“.

316 4296 340 4364 *l
358 4294 397 4347 cf.
415 4296 560 4364 Nipperd3
579 4296 667 4352 Praef.
687 4299 722 4352 ad
740 4299 838 4351 Annal.
857 4316 902 4368 pg.
920 4299 998 4355 XVII
1015 4302 1043 4352 et
1061 4299 1161 4354 XVIII.
