2836 4814
636 867 725 946 Pars
751 867 795 946 II.

404 1035 446 1104 lla
469 1053 524 1104 usu
550 1036 723 1122 particulae
746 1037 870 1120 ,‚valut“
892 1037 1029 1108 Tacitae.

233 1235 401 1318 Cognitum
418 1240 466 1298 est
480 1235 667 1319 particulam
686 1235 812 1316 „velut¹‘
827 1237 1034 1320 compositam
1050 1257 1119 1301 esse
1133 1257 1171 1302 cx
1193 1227 1279 1315 „ut“,

147 1338 233 1423 qnod
254 1337 486 1421 comparationi
500 1337 598 1402 servit
612 1343 645 1402 et
666 1359 704 1403 ex
721 1338 881 1422 particula
904 1339 1003 1417 „vel“.
1048 1339 1136 1418 Quae
1158 1359 1198 1403 ex
1219 1338 1279 1403 hac

147 1440 282 1505 duarum
305 1458 415 1504 vocum
444 1439 669 1523 compositione
691 1447 762 1506 orta
791 1441 834 1506 sit
855 1442 901 1506 vis
923 1440 1062 1525 genuina
1090 1440 1280 1525 paulopost
1314 1505 1315 1510 ,

147 1542 381 1627 explicabimus.
406 1579 446 1590 -

233 1643 326 1723 Cum,
355 1649 511 1728 utsupra
532 1645 775 1709 memoravimus
798 1649 837 1709 97
861 1645 1006 1729 exempla
1027 1644 1112 1729 apud
1131 1629 1278 1710 ⁴'l'acitum
1336 1665 1341 1673 ·

147 1750 283 1824 exstant,
308 1746 431 1829 quibus,
447 1746 577 1829 „quasi“
592 1746 750 1831 particula
763 1746 868 1831 posita
880 1753 937 1824 est,
959 1746 1137 1831 particulae
1152 1745 1279 1826 „velut“

151 1853 210 1913 130
230 1848 405 1912 inveninns.
449 1849 491 1912 Et
520 1869 591 1913 cum
614 1852 651 1912 71
676 1848 820 1931 exempla
842 1848 975 1928 adsunt,
1004 1847 1119 1933 quibus
1148 1847 1278 1932 „quasi‘

145 1950 214 2016 sine
230 1950 324 2016 verbo
345 1950 448 2035 posita
470 1951 659 2029 inveniatur,
680 1951 840 2035 particula
861 1951 988 2028 „velur‘
1008 1951 1159 2016 maiorem
1174 1971 1277 2015 exem·

145 2054 269 2137 plorum
297 2052 356 2118 hoc
384 2054 477 2118 modo
507 2058 761 2136 comparatorum
792 2055 915 2137 copiam
944 2053 1084 2138 praebet.
1128 2051 1278 2118 Perlectis

144 2156 230 2222 enim
253 2155 398 2221 omnibus
420 2155 522 2220 Taciti
552 2154 690 2239 scriptis,
728 2154 985 2221 latinissimus
1007 2155 1166 2239 exempla,
1196 2175 1277 2239 quae

143 2259 186 2324 ad
215 2259 305 2323 varia
334 2256 572 2341 significationis
594 2257 777 2322 discrimina
806 2258 894 2323 nullo
915 2257 1025 2325 habita
1054 2262 1213 2342 respectu,
1243 2257 1277 2323 in

144 2361 278 2444 singulis
308 2360 434 2443 scriptis
463 2361 510 2423 ita
539 2359 709 2425 distributa
738 2366 827 2438 sunt,
860 2366 896 2424 ut
924 2359 1006 2424 Dial.
1033 2363 1084 2438 16,
1121 2358 1225 2426 Germ.
1247 2363 1275 2439 5,

147 2463 251 2542 Agric.
275 2465 309 2540 9,
340 2461 420 2525 Hist.
443 2466 498 2540 41,
523 2462 636 2525 Annal.
660 2466 718 2540 52,
746 2461 978 2526 contineantur.
1001 2504 1040 2514 -
1064 2461 1132 2526 Hoc
1153 2462 1186 2525 in
1207 2462 1277 2526 uni·

146 2582 286 2642 versnm3
309 2583 391 2626 nunc
412 2561 590 2643 rideamne,
612 2585 693 2648 quae
715 2564 757 2628 sit
773 2563 904 2646 singulis
926 2564 1002 2629 locis
1018 2563 1195 2647 particulae
1216 2563 1276 2648 sig-

145 2663 285 2728 nificatio
308 2670 341 2730 et
362 2665 415 2729 ris.
459 2665 530 2730 Non
558 2667 643 2731 enim
667 2687 791 2750 semper
817 2665 910 2731 firma
932 2667 1104 2751 eademque
1126 2672 1189 2746 est,
1212 2687 1274 2731 non

144 2789 267 2851 semper
289 2767 399 2832 eadem
423 2770 580 2849 gravitate
600 2768 763 2853 praedita,
795 2773 832 2834 ut
853 2769 962 2833 eodem
985 2769 1102 2852 ubique
1123 2769 1275 2835 vocabulo

144 2877 252 2936 nostra
272 2871 305 2935 in
328 2870 437 2954 lingua
457 2871 549 2936 reddi
571 2871 684 2955 possit,
707 2871 761 2936 sed
784 2877 820 2936 ut
840 2869 999 2954 particula
1021 2873 1151 2956 „quasi‘
1173 2879 1275 2938 muta·

144 2973 217 3040 bilis
239 2978 271 3037 et
299 2971 446 3037 flexibilis
475 2978 536 3051 est,
573 2994 645 3038 cum
666 2993 705 3038 ex
736 2973 890 3059 primaria
912 2993 1010 3038 novae
1034 2981 1066 3040 et
1087 2974 1169 3039 aliae
1191 2994 1276 3039 ema·

144 3076 251 3141 narint
272 3073 531 3159 significationes,
569 3094 664 3158 quae,
701 3075 761 3140 etsi
790 3077 928 3140 omnium
958 3077 1084 3159 quidem
1106 3097 1276 3160 cognoscas

143 3177 275 3243 eandem
306 3177 477 3258 originem,
513 3182 621 3241 tamen
651 3176 692 3241 ad
720 3178 824 3242 varias
852 3178 1053 3261 cogitationis
1081 3183 1114 3244 et
1142 3178 1275 3245 rationis

142 3281 303 3365 pertinent
323 3279 483 3362 regiones,
519 3284 555 3343 nt
583 3278 669 3343 fluvii
701 3279 810 3343 eodem
839 3299 879 3344 ex
906 3279 993 3346 fonte
1021 3281 1088 3344 nati
1110 3281 1214 3345 varias
1240 3279 1272 3344 in

140 3388 242 3447 terras
262 3380 478 3446 effunduntur.

226 3486 330 3567 Atque
362 3484 513 3566 primum,
551 3483 633 3566 quod
664 3482 696 3546 in
725 3483 795 3567 ipsa
824 3484 871 3548 rei
901 3488 1016 3549 natura
1045 3483 1182 3568 positum
1214 3489 1271 3564 est,

141 3584 180 3651 de
204 3586 249 3650 eis
271 3583 502 3669 disputabimus
524 3585 616 3665 locis,
644 3587 759 3672 quibus
781 3589 827 3650 vis
849 3586 1002 3670 primaria
1023 3586 1148 3669 integra
1169 3583 1271 3651 adhue

141 3692 266 3753 servata
287 3708 355 3752 esse
376 3688 517 3766 videtur,
553 3689 701 3772 quodibi
724 3689 843 3754 factum
866 3709 932 3754 esse
953 3688 1022 3752 inre
1044 3687 1280 3767 contendimus,

142 3789 194 3854 ubi
222 3790 380 3873 particula
411 3791 508 3855 servit
529 3793 773 3876 comparationi,
810 3798 843 3855 et
870 3790 925 3855 ubi
946 3788 1066 3873 aliquid
1088 3788 1270 3868 introducit,

139 3913 219 3976 quo,
241 3913 323 3975 quae
346 3892 537 3957 antecedunt
557 3892 683 3958 facilins
696 3893 874 3976 rectiusque
896 3890 1128 3972 intelligantur,
1150 3897 1182 3956 et
1196 3911 1269 3976 quo,

139 4000 176 4059 ut
203 3995 329 4078 pictura
350 3994 487 4078 quadam
516 3997 549 4058 in
572 3999 695 4060 textum
722 4000 851 4080 recepta
879 3994 1013 4078 scriptor
1042 3993 1159 4078 legenti
1179 4014 1268 4059 suam

138 4097 361 4181 cogitationem
377 4117 470 4180 quam
491 4097 689 4181 apertissime
710 4103 784 4162 ante
799 4097 905 4162 oculos
919 4115 1034 4179 ponere
1057 4102 1089 4159 et
1110 4094 1267 4162 illustrare

138 4200 236 4283 cupit.
280 4199 340 4264 Sed
362 4201 421 4264 etsi
442 4200 578 4266 servavit
593 4199 721 4265 Tacitus
743 4199 902 4264 nonnullis
924 4198 1001 4263 locis
1022 4196 1085 4261 vim
1107 4197 1195 4261 illam
1215 4219 1268 4281 ge·

138 4303 270 4367 cuinam
291 4307 324 4367 et
345 4303 607 4386 comparativam,
643 4308 749 4367 tamen
772 4320 863 4366 usum
884 4298 1074 4383 particulae,
1109 4298 1213 4384 qualis
1233 4300 1266 4366 in
