2836 4814
726 284 767 344 -12

182 467 243 533 Sed
265 484 347 550 quae
370 469 411 532 sit
433 466 609 552 particulae
632 469 691 544 vis,
722 467 853 532 dubium
876 473 936 546 est,
958 488 1030 530 cum
1052 467 1227 534 diiudicare
1248 491 1313 534 non

180 570 351 654 possimus,
389 576 494 635 utrum
528 575 633 634 rectae
666 571 786 635 luerint
822 571 1059 635 criminationes
1094 572 1127 635 in
1161 572 1313 637 Senecam

181 672 389 755 compositae,
427 692 525 738 necne
557 694 691 756 cumque
712 694 752 737 ex
773 673 876 738 Taciti
897 673 1002 738 verbis
1024 673 1229 757 conspicuum
1251 697 1314 739 non

181 773 237 853 sit,
260 775 354 857 quale
372 775 443 859 ,ipse
464 775 578 840 haudo
595 776 754 840 retulerit
775 776 937 841 iudicium.
982 775 1029 839 Ne
1051 775 1149 856 igitur
1167 779 1314 862 scriptori

180 877 372 959 imputemus
409 877 615 955 senteutiam,
652 899 747 960 quam
786 879 880 944 edere
915 878 1033 957 noluit,
1071 899 1313 960 commovemur,

180 979 366 1062 praesertIm
390 1001 460 1044 cum
493 979 610 1064 ubique
631 980 759 1046 Tacitus
788 982 821 1045 in
852 981 977 1064 scriptis
1005 980 1133 1045 studeat
1155 982 1259 1047 dubiis
1280 983 1313 1047 in

179 1081 274 1146 rebus
290 1105 351 1147 non
369 1103 460 1148 suum
476 1081 619 1165 profiteri
634 1083 799 1162 iudicium,
822 1084 877 1148 sed
893 1082 1002 1147 allatis
1023 1082 1243 1162 solumfactus,
1268 1084 1311 1149 le-

179 1184 320 1266 gentium
344 1185 536 1249 sententiam
552 1192 719 1268 expectare
735 1193 831 1270 atque
854 1206 1031 1269 exposcere,
1055 1188 1154 1268 quod,
1177 1188 1315 1273 exempli

180 1305 290 1365 causa,
313 1287 553 1351 enunciationes
574 1288 782 1353 disiunctivae
806 1287 987 1372 saepissime
1010 1296 1183 1372 usurpatae
1205 1295 1237 1354 et
1258 1311 1315 1374 per

179 1385 354 1466 „incertum
383 1397 444 1452 an“
473 1390 674 1454 introductae
703 1392 838 1474 probare
867 1396 1001 1474 possunt
1015 1391 1059 1471 ¹³),
1096 1391 1182 1455 hunc
1211 1393 1314 1456 locum

179 1496 287 1554 nostro
301 1508 445 1556 sermone
461 1491 609 1556 reddere:
634 1492 724 1572 „weil
739 1513 774 1556 er
789 1493 848 1557 den
870 1493 992 1557 fursten
1011 1493 1186 1558 iiberboten
1201 1493 1314 1571 habe“,

179 1612 243 1677 qna
272 1593 481 1658 translatione
512 1592 708 1659 Wdlflinium
738 1597 838 1659 secuti
852 1597 898 1675 **)
927 1617 984 1661 nos
1006 1618 1145 1679 quoque,
1182 1602 1219 1660 ut
1247 1597 1315 1680 ipse

179 1692 321 1771 Tacitus,
343 1716 410 1759 rem
432 1696 588 1761 incertam
610 1697 814 1781 nondumque
836 1697 1044 1763 diiudicatam
1066 1699 1261 1781 reliquimus.

264 1797 432 1876 Omnibus,
455 1822 537 1884 quae
559 1802 664 1866 adhuc
685 1801 952 1880 enumeravimus,
974 1801 1143 1884 exemplis,
1166 1800 1314 1867 enuncia-

179 1899 281 1964 tiones
303 1902 509 1967 secundariae
537 1924 557 1967 a
590 1903 722 1986 „quasi‘
752 1903 926 1987 pendentes
948 1905 1165 1984 cognovimus,
1200 1903 1315 1987 quibus

178 2001 354 2066 indicatum
376 2009 424 2068 est
446 2003 584 2084 factum,
606 2027 712 2069 rerum
735 2006 862 2070 veritati
886 2026 947 2068 non
970 2006 1181 2088 respondens,
1218 2004 1267 2069 vel
1289 2005 1316 2069 si

178 2106 220 2170 ad
242 2105 420 2189 proximum
461 2115 640 2191 spectamus
661 2107 837 2191 exemplum
866 2108 986 2191 aliquid
1009 2107 1048 2172 de
1072 2107 1162 2172 cuius
1182 2107 1316 2171 veritate

178 2228 236 2293 pro
258 2213 345 2272 certo
368 2209 449 2273 nihil
470 2211 568 2274 statui
598 2216 733 2293 poterat.
777 2210 968 2293 Priusquam
1000 2232 1084 2274 nuno
1106 2210 1147 2274 ad
1177 2210 1314 2274 alterum

177 2311 355 2396 particulae
377 2311 617 2395 significationis
639 2333 737 2395 genus
759 2313 1025 2394 transgredimur,
1049 2332 1175 2377 necesse
1197 2317 1255 2390 est,
1276 2317 1313 2376 ut

176 2416 215 2479 de
238 2415 315 2480 locis
338 2415 461 2480 duobus
483 2416 694 2500 disputemus,
732 2414 787 2499 qui
816 2415 913 2480 talem
936 2416 1112 2500 particulae
1141 2435 1234 2479 usum
1258 2435 1313 2478 ex·

175 2515 287 2582 hibent
309 2517 418 2601 itaque
440 2519 615 2601 comparati
638 2522 721 2596 sunt,
745 2523 781 2581 ut
803 2523 836 2583 et
858 2518 1063 2583 similitudine
1083 2517 1224 2600 quadam
1239 2538 1312 2582 con-

175 2620 275 2684 iuncti
297 2621 361 2684 sint
382 2640 454 2683 cum
476 2619 630 2703 exemplis
651 2620 738 2685 illius
759 2620 897 2698 ordinis,
920 2641 1012 2703 quem
1035 2621 1257 2698 tractavimus,
1280 2625 1312 2683 et

174 2725 303 2809 penitus
325 2744 397 2787 cum
420 2722 480 2800 eis,
519 2721 558 2786 de
580 2722 695 2806 quibus
717 2745 803 2788 nunc
826 2724 944 2788 dissere
967 2722 1057 2787 nobis
1079 2725 1311 2807 proposuimus,

175 2825 375 2891 cohaereant.

260 2927 407 3010 Legimus
430 2926 533 2990 enim:
560 2925 643 2990 Hist.
667 2926 692 3005 I,
715 2927 815 3004 XVII,
839 2930 868 2991 5.
891 2927 998 3006 „Nihil
1020 2929 1052 2991 in
1074 2927 1163 2992 voltu
1184 2925 1312 2991 habitu·

174 3051 236 3116 que
257 3035 430 3111 mutatum,
453 3029 546 3112 quasi
566 3029 725 3113 imperare
747 3036 853 3113 posset
874 3030 975 3112 magis
996 3052 1092 3114 quam
1115 3030 1239 3096 vellet“.

257 3132 358 3197 Nemo
379 3153 443 3196 uon
463 3131 636 3214 intelliget,
672 3131 822 3196 hocloco
845 3152 865 3196 a
894 3133 1053 3216 particula
1080 3155 1143 3198 non
1173 3133 1311 3216 pendere

174 3236 395 3312 enunciatum,
418 3253 480 3317 quo
503 3254 600 3297 causa
622 3233 731 3319 aliqua
753 3234 905 3314 addatur,
928 3256 967 3299 ex
982 3256 1046 3318 qna
1068 3241 1165 3300 antea
1186 3235 1311 3319 prolata

174 3345 246 3403 orta
269 3339 349 3416 sint,
372 3337 419 3401 ita
440 3342 478 3400 ut
498 3337 606 3420 inepte
630 3338 858 3402 transferatur:
897 3336 986 3417 „weil
1008 3359 1042 3401 er
1064 3345 1154 3414 etc.“,
1191 3359 1255 3421 qua
1276 3339 1309 3401 in

173 3460 208 3507 re
231 3441 271 3530 ab
294 3439 447 3523 exemplis
475 3439 539 3504 iam
571 3433 766 3505 enumeratis
796 3463 858 3505 non
888 3439 1004 3504 differt.
1050 3444 1199 3504 Attamen
1223 3439 1311 3523 equi·

174 3545 245 3610 dem
269 3544 347 3608 mihi
369 3543 561 3627 persuadere
585 3565 648 3607 non
671 3565 812 3626 possum,
849 3542 993 3607 Tacitum
1027 3543 1112 3608 hisce
1135 3543 1238 3608 verbis
1260 3543 1310 3606 Pi·

175 3668 300 3724 sonem,
322 3652 359 3710 ut
381 3645 541 3710 hominem
565 3633 746 3712 abstrusum
769 3652 802 3709 et
824 3645 940 3709 falsum
964 3645 1142 3710 describere
1164 3646 1309 3727 voluisse,

174 3749 307 3814 eundem
332 3748 452 3824 virum,
475 3749 599 3832 dequo
622 3750 653 3813 in
677 3766 745 3831 cap.
770 3748 845 3813 XIV
868 3753 934 3811 tam
957 3748 1143 3812 benevolum
1167 3749 1242 3813 tulit
1263 3751 1309 3814 iu-

174 3853 291 3919 dicium
314 3849 433 3915 verbis:
469 3850 561 3930 „Piso
585 3851 627 3914 M.
652 3851 767 3915 Crasso
789 3857 822 3915 et
844 3851 1008 3916 Scribonia
1031 3851 1172 3933 genituS,
1196 3851 1310 3916 nobilis

174 3955 348 4037 utIImquc,
384 3953 472 4016 voltu
508 3952 683 4036 habituque
721 3953 818 4018 moris
855 3954 980 4036 antiqui
1016 3974 1055 4016 ex
1088 3954 1310 4019 aestimatione

225 4191 250 4259 ²⁸¹)
268 4189 308 4244 cf.
326 4188 443 4242 Wblflin.
461 4187 558 4241 Philol.
576 4187 661 4256 XXV,
680 4205 725 4258 pg.
744 4191 802 4242 126.

210 4279 250 4349 **)
269 4277 309 4334 ul.
328 4274 397 4331 Phil.
416 4275 514 4344 XXIV,
532 4292 578 4345 pg.
600 4277 657 4343 120,
675 4275 806 4330 Anmerk.
