2836 4814
744 280 786 340 40

198 465 264 528 tiae
285 463 430 529 attulisse
452 463 607 547 paenulas
627 463 720 541 istas,
754 463 869 547 quibus
891 462 1037 526 adstricti
1059 467 1091 527 et
1112 461 1199 526 velut
1220 459 1341 526 inclusi

199 587 271 630 cum
292 564 450 631 iudicibus
471 565 681 630 fabulamur“.

287 667 368 733 Dial.
392 666 538 744 XXXIX,
565 672 614 732 14.
641 671 677 730 15
701 665 810 746 „Unus
831 666 915 730 inter
936 664 1014 730 haec
1036 663 1154 729 dicenti
1175 668 1232 728 aut
1252 663 1342 728 alter
1380 720 1382 725 .

199 770 327 836 adsistit
349 776 381 835 et
402 791 453 834 res
475 768 561 833 velut
588 768 621 832 in
652 767 821 832 solitudine
843 767 965 851 agitur,
1003 766 1122 832 oratori
1143 772 1250 832 autem
1273 764 1339 831 cla·

199 893 287 937 more
310 870 486 955 plausuque
509 891 588 954 opus
612 876 714 936 estet
736 871 822 934 velut
845 869 982 953 quodam
1006 869 1159 934 theatro“.

284 972 447 1058 Infinitive
469 972 673 1056 exprimitur,
696 972 780 1056 quod
803 973 835 1036 in
857 972 1125 1055 comparationem
1147 968 1341 1035 adducitur:

289 1075 372 1144 Dial.
394 1074 453 1152 ΙΙΙ,
476 1079 516 1139 30
539 1075 607 1154 „Ne
630 1074 779 1140 dividatis
802 1073 979 1152 saeculum,
1001 1081 1034 1138 et
1055 1073 1205 1158 antiquos
1226 1092 1264 1137 ac
1285 1091 1341 1135 ve-

200 1183 284 1244 teres
306 1178 424 1243 vocetis
444 1182 603 1254 oratores,
625 1197 704 1260 quos
726 1178 896 1243 eorundem
918 1177 1080 1241 homiuum
1103 1196 1196 1241 aures
1216 1173 1341 1258 adgno-

199 1299 287 1346 scere
308 1299 347 1345 ac
368 1278 455 1344 velut
477 1280 668 1361 coniungere
682 1280 715 1360 ⁵¹²)
737 1286 770 1346 et
791 1278 939 1364 copulare
961 1284 1164 1364 potuerunt‘.

285 1381 386 1461 Alios,
417 1402 513 1465 quam
535 1403 614 1465 quos
643 1382 896 1446 enumeravimus
921 1380 953 1446 in
978 1381 1109 1464 Dialogo
1136 1381 1237 1459 locos,
1267 1380 1342 1464 qui-

200 1484 259 1552 bus
281 1483 440 1568 particula
462 1484 590 1565 „velut“
612 1483 765 1562 occurrit,
798 1503 859 1547 non
882 1483 1067 1548 invenimus.
1110 1483 1206 1548 Hisce
1228 1487 1342 1553 autem

198 1586 344 1655 omuibus
369 1587 404 1652 in
433 1585 587 1669 exemplis
614 1585 774 1669 particula
803 1591 835 1650 et
856 1587 1124 1670 comparationem
1154 1585 1341 1670 persimile

199 1690 250 1756 vel
271 1689 442 1774 imaginem
463 1686 609 1753 effectam
629 1686 804 1753 introducit
825 1694 858 1753 et
871 1688 1039 1754 audaciam
1053 1688 1231 1772 quandam,
1253 1708 1342 1772 quae

199 1792 250 1857 vel
272 1791 377 1859 sensui
404 1788 454 1855 vel
476 1788 579 1854 verbis
611 1789 650 1854 ab
685 1810 745 1854 usu
775 1790 961 1873 quotidiano
993 1790 1215 1856 remotioribus
1243 1790 1343 1871 inest,

200 1895 280 1961 lenit
300 1899 333 1959 et
355 1891 448 1976 quasi
470 1895 611 1955 excusat.
655 1892 806 1958 Videmus
829 1893 926 1977 igitur
947 1914 1038 1959 usum
1069 1893 1246 1978 particulae
1266 1914 1341 1974 „ve-

199 1996 268 2062 lut“
289 2015 309 2059 a
330 1993 456 2072 Tacito,
479 2014 550 2057 cum
573 1992 711 2077 primum
734 1995 891 2061 scribendi
913 1997 975 2061 arti
998 2016 1127 2081 operam
1149 1995 1258 2076 daret,
1281 2017 1341 2061 an·

200 2096 390 2182 gustissimis
411 2099 538 2160 tantum
560 2095 676 2162 finibus
698 2097 937 2163 circumclusum
960 2117 1037 2164 esse.

285 2199 389 2264 Germ.
413 2198 530 2277 XXIX,
554 2204 581 2262 7.
615 2199 782 2283 ,ΙΙκοωρΙί
817 2200 965 2265 oneribus
994 2207 1027 2266 et
1054 2199 1277 2268 collationibus
1306 2206 1341 2266 et

200 2306 327 2368 tantum
348 2301 381 2365 in
403 2320 495 2365 usum
525 2300 716 2385 proeliorum
740 2302 883 2387 sepositi,
921 2303 1008 2368 velut
1036 2304 1100 2368 tela
1121 2308 1216 2386 atque
1237 2322 1337 2383 arma,

200 2403 291 2472 bellis
312 2408 543 2469 reservantur“.

286 2506 388 2571 Germ.
411 2503 559 2584 XXXXL
584 2509 602 2570 9
634 2505 857 2584 „Fortissimus
886 2507 1020 2591 quisque
1042 2506 1179 2572 ferreum
1209 2507 1341 2592 insuper

200 2607 333 2674 anulum
355 2607 612 2689 (ignominiosum
635 2609 667 2673 id
690 2609 794 2691 genti)
816 2609 902 2673 velut
917 2607 1078 2674 vinculum
1099 2615 1215 2694 gestat,
1238 2610 1342 2676 donec

202 2732 237 2777 se
259 2709 356 2776 caede
377 2708 550 2774 absolvat“.

285 2810 361 2876 Loci
400 2809 546 2875 similiter
583 2812 758 2896 comparati
795 2833 813 2877 e
846 2812 1016 2878 Germania
1049 2813 1194 2879 adsunt:
1231 2815 1341 2879 Germ.

200 2913 364 2994 XXXXll‚
387 2919 407 2977 4
428 2912 558 2996 „anue
580 2913 770 2980 Germaniae
791 2914 878 2980 velut
900 2915 986 2981 frons
1008 2921 1070 2996 est,
1096 2921 1253 3000 quatenus
1274 2919 1341 2983 Da·
1386 2916 1390 2921 ’

200 3015 295 3082 nuvio
317 3013 560 3099 praecingitur“.

285 3117 401 3183 Vocem
424 3118 613 3183 translatam
636 3137 656 3182 a
677 3117 758 3183 facie
779 3117 917 3183 humana
938 3119 972 3184 in
994 3119 1128 3186 formam
1152 3128 1256 3186 terrae
1277 3121 1342 3188 Ta·

201 3221 298 3310 citus,
320 3220 478 3304 particula
501 3222 627 3300 „velut“
650 3221 780 3300 omissa,
803 3221 954 3287 adhibere
975 3243 1071 3288 ausus
1093 3244 1157 3289 non
1180 3229 1236 3290 est.
1279 3225 1342 3292 Su·

201 3322 295 3410 perat
315 3323 413 3407 igitur
442 3322 534 3406 longe
557 3345 628 3388 eum
652 3324 786 3389 audacia
808 3325 952 3404 Quinttil.
978 3326 1031 3405 ΙΙΙ,
1056 3332 1082 3405 1,
1105 3332 1159 3407 42,
1196 3328 1341 3412 quinon

101 3424 110 3435 “
144 3455 146 3459 ·
201 3425 302 3493 solum
326 3425 389 3489 vim
417 3426 567 3515 localem,
603 3447 684 3512 quae
714 3427 797 3490 inest
818 3427 886 3490 voci
915 3427 1044 3508 frontis,
1080 3430 1177 3513 plane
1199 3431 1343 3515 neglexit

202 3528 256 3595 sed
278 3529 375 3594 etiam
397 3528 588 3613 particulam
609 3531 858 3612 comparativam
880 3530 1006 3595 omnino
1028 3533 1146 3610 omisit,
1169 3534 1294 3602 dicens:

286 3630 483 3711 „Insinuatio
512 3637 657 3713 surrepat
686 3633 808 3698 animos
836 3634 986 3712 maxime,
1024 3633 1077 3700 ubi
1106 3635 1195 3702 frons
1222 3657 1343 3706 causae

158 3731 768 3820 ,mmmmwmQ

287 3834 589 3914 Germ.xxxxl11‚
610 3840 649 3900 23
672 3840 768 3901 Atras
789 3836 830 3902 ad
852 3837 972 3921 proelia
995 3844 1102 3904 noctes
1123 3841 1233 3925 legunt
1253 3842 1342 3928 ipsa-

81 3943 83 3948 '
204 3957 265 4022 que
293 3936 463 4003 formidine
493 3942 589 4019 atque
617 3937 731 4002 umbra
757 3937 865 4003 feralis
886 3942 1044 4006 exercitus
1075 3947 1228 4009 terrorem
1259 3945 1344 4013 infe-

255 4177 280 4247 *)
300 4177 339 4232 cf.
358 4175 513 4245 Ddderlein‚
530 4177 579 4232 lat.
597 4177 660 4246 Syn.
680 4179 804 4245 111,274.

237 4266 278 4334 **)
295 4264 334 4320 Cf.
353 4263 487 4335 Spalding
505 4282 529 4319 a.
548 4265 575 4319 h.
596 4266 615 4319 l.
634 4265 680 4334 qui
698 4265 767 4322 falso
786 4282 846 4321 eum
864 4266 1061 4339 interpretatus
1078 4285 1136 4324 esse
1153 4269 1270 4325 videtur.
