2836 4814
669 277 712 346 ,ὣ

118 485 189 555 quo
214 469 358 536 tribuam
385 467 455 535 ausi
484 480 605 548 samus,
636 466 903 551 significationem
924 456 1000 536 lcrri
1020 483 1120 558 posse.
1162 474 1254 554 Quae

118 585 196 637 cum
224 571 271 636 ita
299 571 379 653 sint,
409 573 442 636 ³si
465 575 686 655 *computemus
710 574 835 635 certam
859 571 997 638 duarum
1025 574 1253 659 particularum

37 732 45 748 ,
123 673 378 754 similitudinem,
414 685 496 758 quae
514 672 602 738 baud
622 684 696 738 raro
719 672 804 756 apud
823 662 970 739 Tacitum
990 685 1116 762 quoque
1137 676 1253 762 prona

118 793 198 839 acue
215 774 444 854 adhibeantur,
477 786 554 840 saue
571 779 692 840 ‘temere
713 787 777 840 nnn
799 774 945 856 lecimus,
975 766 1046 843 cum
1068 784 1253 864 putaremur

122 876 208 940 idam
228 878 262 941 tn
283 878 442 960 particula
459 877 589 957 -,-,relut“
608 875 694 959 qaod
722 877 757 940 in
778 877 911 960 ‚saunei“
929 877 1055 960 'tolera
1082 878 1141 946 etsi
1172 880 1252 948 infe

125 977 216 1043 licem
248 979 288 1043 ob
321 999 429 1044 casum
458 1000 497 1044 ex
528 978 604 1062 ipsis
636 976 712 1043 loeis
743 978 838 1042 certis
859 979 979 1060 causis,
1015 1002 1097 1065 quae
1125 984 1251 1050 omnino

125 1079 227 1144 refelli
249 1099 313 1144 non
334 1081 470 1164 possint,
501 1080 582 1144 hanc
604 1086 745 1143 nostram
767 1081 957 1146 sententiam
969 1085 1087 1149 'veram
1108 1104 1176 1149 esse
1196 1104 1252 1169 ap·

123 1182 259 1266 probare
280 1203 342 1246 non
364 1203 543 1266 possumne,
565 1181 613 1259 id,
635 1181 718 1264 qnod
741 1181 826 1261 locis,
849 1182 963 1266 quibus
985 1185 1025 1251 de
1047 1185 1157 1251 eodem
1178 1208 1251 1272 par·

122 1285 241 1350 ticulae
263 1284 393 1368 „quasr‘
415 1304 474 1349 usu
496 1283 713 1363 disseruimus,
732 1283 803 1348 fieri
823 1285 936 1367 potuit.
1097 1291 1102 1299 '

159 1435 161 1439 a
207 1385 268 1451 Sed
288 1407 350 1451 non
379 1387 480 1452 solum
508 1385 697 1469 particulam
728 1386 869 1469 „quasi“,
901 1393 1105 1472 „tamquam“
1126 1409 1251 1474 quoque

123 1486 241 1552 auxilio
262 1508 424 1568 vocamus,
462 1492 498 1552 ut
526 1492 668 1552 nostram
683 1480 684 1484 ’
698 1486 905 1553 defendamus
927 1491 1125 1556 sententiam.
1168 1492 1250 1557 Nam

122 1588 201 1654 haec
222 1610 346 1680 quoque
367 1589 525 1674 particula
546 1591 674 1672 praeter
694 1589 834 1672 „quasi“,
862 1591 1040 1673 particulae
1062 1593 1188 1672 „velut“
1209 1594 1250 1659 si-

122 1691 269 1770 millima,
305 1692 388 1774 quod
424 1691 568 1756 Heraeus
598 1690 631 1754 in
664 1699 898 1773 programmate
934 1693 1118 1760 Hammensi
1155 1703 1250 1774 (anno

123 1793 352 1875 MDCGCLIX)
374 1793 608 1858 accuratissime
640 1792 882 1874 demonstrarit,
918 1797 1165 1880 comparativam
1186 1799 1249 1863 vim

10 1951 12 1960 ι
122 1896 247 1979 saepius
269 1895 384 1960 abiecit
404 1895 533 1979 eiusque
562 1896 595 1960 in
628 1895 696 1960 loco
725 1895 885 1960 causalem
907 1897 1030 1981 accepit
1051 1905 1087 1964 ut
1108 1900 1249 1984 „quasi“,

122 1997 183 2073 (Cf.
208 1999 309 2080 Agris.
334 1997 502 2064 XXXVIII
510 2023 519 2075 3
542 1998 630 2064 XXV
638 2022 647 2074 ;
670 1995 773 2062 Germ.
797 1997 910 2080 XXII;
932 1997 1015 2064 Dial.
1037 2001 1170 2081 XVIII.)

206 2100 359 2183 AnalogIa
386 2099 499 2165 harum
522 2100 656 2167 duarum
684 2099 912 2183 particularum
938 2100 988 2166 ius
1010 2102 1170 2186 quoddam
1193 2122 1249 2169 no·

121 2198 168 2264 bis
189 2202 340 2284 praebere
361 2189 516 2283 videtur,'
540 2201 623 2286 quod
652 2203 685 2265 in
708 2201 803 2279 tertia
825 2202 986 2268 simillima
1007 2225 1131 2288 quoque
1153 2205 1249 2289 signi·

119 2300 299 2367 ficationem
320 2304 478 2367 causalem
501 2323 690 2386 quaeramus
711 2308 743 2366 et
765 2304 966 2386 accipiamus.
982 2337 1022 2352 -

203 2402 330 2468 Tacitus
351 2405 540 2488 particulam
569 2410 772 2488 ,‚tamquam“
800 2425 837 2470 eo
872 2426 931 2470 usu
963 2425 1063 2490 eaque
1091 2407 1248 2492 significa·

120 2503 221 2584 tione,
253 2505 290 2570 de
313 2526 376 2588 qua
398 2507 548 2586 diximus,
579 2509 643 2571 iam
665 2526 737 2571 cum
759 2507 893 2573 scribere
915 2508 1080 2592 coepisset,
1116 2510 1150 2574 in
1172 2509 1247 2577 Dia·

121 2605 191 2691 logo
212 2613 244 2673 et
266 2607 435 2673 Germania
456 2608 618 2688 adhibuit;
653 2609 783 2692 „quasi“
812 2613 845 2675 et
871 2608 996 2689 „relut“
1025 2610 1085 2677 hac
1105 2611 1136 2676 ri
1155 2632 1247 2697 prae·

121 2706 206 2773 ditae
238 2709 270 2773 in
301 2710 527 2793 posterioribus
558 2718 685 2778 tantum
715 2712 857 2797 scriptis,
893 2733 1002 2797 quae,¹
1027 2733 1099 2778 cum
1118 2714 1182 2780 iam
1204 2715 1246 2782 ad

119 2817 238 2876 certam
260 2813 325 2877 stili
345 2814 568 2898 perlectionem
590 2822 624 2881 et
644 2815 855 2881 constantiam
883 2814 1090 2898 pervenisset,
1121 2836 1246 2902 compo-

120 2913 199 2992 suit,
230 2914 347 2997 lcgenti
368 2924 551 2998 occurrunt,
582 2917 722 2984 crebrius
743 2918 883 3001 „quasi“,
910 2918 1016 2983 rarius
1035 2918 1171 3000 ‚,velut“,
1199 2920 1247 2984 ita
1303 2913 1306 2919 ’

120 3020 157 3079 ιιι
178 3016 245 3080 iure
266 3018 515 3083 concludendum
537 3019 594 3099 sit,
621 3040 712 3084 usum
734 3018 823 3084 illum
845 3019 1021 3104 particulae
1042 3025 1246 3104 „tamquam“

119 3115 183 3199 iam
206 3118 246 3183 ab
267 3119 359 3184 initio
373 3119 562 3183 attributum
577 3125 610 3185 et
631 3121 862 3202 inhaerentem,
883 3142 948 3206 quo
968 3123 1069 3208 magis
1088 3124 1245 3190 scribendi

119 3224 219 3284 artem
241 3220 406 3302 excoleret,
429 3221 544 3286 sensim
564 3222 741 3305 sensimque
755 3223 853 3290 etiam
874 3224 908 3290 in
922 3225 1095 3309 particulas
1114 3225 1246 3310 „quasi‘

119 3325 152 3385 et
171 3322 296 3401 „velut“
318 3323 505 3390 translatum
529 3343 604 3390 esse.

202 3424 342 3504 „Quasi“
371 3425 513 3490 indicans
545 3445 671 3491 causam
702 3426 736 3491 in
770 3425 909 3493 subiecto
937 3425 1168 3494 enunciationis
1199 3429 1243 3494 vi·

117 3534 241 3593 ventem
269 3533 365 3611 atque
394 3525 578 3592 efficientem
600 3527 694 3592 vicies
721 3529 889 3594 invenitur.
933 3529 1037 3594 Unum
1064 3529 1243 3614 exemplum

118 3634 224 3694 exstat
254 3629 288 3693 in
317 3629 482 3708 Historiis,
516 3630 641 3714 reliqua
672 3630 780 3694 omnia
810 3633 844 3696 iu
874 3630 1048 3698 Annalibus
1084 3632 1239 3718 leguntur.

119 3731 289 3815 Quinquies
309 3720 468 3816 particula
488 3731 717 3798 coniuncti0nis
735 3753 850 3798 munus
871 3734 1017 3817 suscepit.

202 3833 337 3911 „Velut“
357 3834 489 3901 eandem
511 3835 675 3919 usurpavit
696 3835 758 3900 vim
781 3835 906 3900 omnino
930 3836 1113 3903 duodecies:
1145 3836 1243 3902 semel

117 3935 150 3999 in
172 3934 348 4015 Germania,
372 3938 420 4004 bis
433 3939 465 4002 in
478 3937 636 4022 Agricola,
660 3938 761 4002 sexies
781 3937 815 4001 in
829 3937 989 4016 Historiis,
1011 3943 1060 4003 ter
1080 3939 1114 4003 in
1137 3940 1242 4004 Anna·

115 4037 207 4103 libus.
253 4038 355 4105 Semel
376 4039 605 4106 coniunctionis
624 4046 733 4126 partes
761 4041 837 4124 agit.
881 4038 1002 4117 Quibus
1032 4061 1072 4104 ex
1102 4041 1243 4105 numeris

116 4140 265 4207 discimus
286 4162 378 4207 usum
407 4142 581 4226 parIIculae
602 4145 734 4228 „quasi·‘
755 4144 786 4208 vi
807 4141 927 4206 causali
945 4141 1120 4206 instructae
1141 4142 1243 4223 magis

116 4245 276 4327 magisque
297 4266 451 4326 crescere,
472 4245 646 4328 particulae
668 4244 880 4310 volutantem
900 4242 1054 4327 paulatim
1075 4243 1187 4308 minui.
