2836 4814
731 278 771 339 30

269 461 380 527 hunul.
404 462 493 539 XIII,
516 461 679 540 XXXVII,
700 464 747 525 10.
770 461 871 539 „Nam
896 460 1128 524 Pharasmanes
1148 457 1321 523 interfecto

182 563 248 629 filio
264 564 449 629 Radamisto
465 564 557 647 quasi
577 563 752 647 proditore,
776 585 838 646 quo
860 562 956 627 fidem
979 563 1012 626 in
1036 583 1092 626 nos
1114 566 1320 626 testaretur“.

268 667 366 731 Nulla
398 687 455 731 nos
489 666 656 749 prohibere
688 671 794 750 potest
823 687 932 744 causa,
969 665 1138 749 quominus
1170 669 1321 746 putemus

184 769 432 835 Pharasmanem
453 767 555 832 filium
577 768 788 846 interfecisse,
821 769 897 851 quia
919 789 952 831 re
978 787 1051 830 vera
1072 766 1217 850 proditor
1239 770 1322 842 erat,

183 875 321 937 maxime
351 873 377 935 si
406 872 591 955 respicimus
613 870 655 935 ad
680 872 791 934 Annal.
816 871 892 947 XII,
915 869 1092 947 XXXXIV,
1118 874 1165 932 ll.
1196 868 1322 951 „lgitur

184 974 414 1041 Pharasmenes
442 973 586 1037 iuvenem
616 975 777 1056 potentiae
808 978 1029 1065 promptae'et
1050 971 1153 1035 studio
1187 969 1324 1053 popula·

184 1080 266 1142 rium
290 1078 481 1152 accinctum,
516 1076 719 1157 vergentibus
741 1077 805 1141 iam
828 1077 920 1140 annis
942 1074 1006 1139 suis
1029 1082 1185 1151 metuens,
1220 1072 1322 1136 aliam

184 1181 226 1245 ad
248 1200 335 1262 spem
361 1177 487 1242 trahere
511 1181 543 1241 et
565 1179 748 1242 Armeniam
772 1184 931 1243 ostentare
954 1183 1033 1243 eto.“

272 1281 387 1347 Annal.
409 1279 498 1357 XIII,
521 1279 697 1357 XXXXIV,
723 1285 770 1346 15.
816 1280 921 1346 (lodic.
946 1280 1056 1344 lectio:
1087 1285 1140 1358 „et
1161 1277 1323 1361 quaestim

184 1393 317 1453 census“
340 1386 491 1464 corrupta
512 1387 570 1446 est.
612 1382 641 1446 J.
665 1381 841 1448 Gronovius
863 1383 1013 1448 coniecit:
1045 1388 1078 1447 et
1100 1381 1191 1465 quasi
1213 1380 1322 1443 incen-

185 1509 253 1569 sus;
292 1486 429 1562 Beklrer,
464 1484 575 1563 Halm,
608 1484 732 1564 Haase,
769 1484 967 1568 Nipperdey:
1006 1505 1045 1548 ex
1067 1505 1131 1567 qua
1160 1484 1323 1547 incensus.

185 1591 329 1674 Utraque
352 1587 532 1654 emendatio
555 1586 673 1651 bouum
701 1587 834 1670 praehet
855 1608 999 1666 sensum;
1037 1587 1091 1651 sed
1113 1586 1219 1650 nescio
1242 1604 1325 1666 qua·

186 1715 260 1758 nam
282 1694 332 1756 via
354 1692 387 1755 in
408 1690 514 1774 priore
536 1688 616 1752 illud
639 1695 711 1769 „et“
734 1690 814 1754 bene
836 1688 989 1772 explicari
1003 1690 1112 1772 possit.
1157 1684 1323 1752 CIVlefl.

186 1796 266 1861 Phil.
290 1794 404 1872 XXIV,
427 1815 458 1876 p.
483 1795 550 1854 122.

271 1895 384 1961 Annal.
408 1894 497 1973 XIII,
520 1895 601 1972 LIV,
624 1897 674 1957 22.
706 1894 817 1973 „Quod
849 1897 980 1960 comiter
1009 1916 1029 1959 a
1060 1893 1234 1960 visentibus
1268 1911 1325 1955 ex·

186 2005 328 2084 ceptum,
351 1997 442 2081 quasi
464 1997 600 2080 impetus
622 1996 747 2079 antiqui
770 2003 802 2060 et
824 1998 908 2062 bona
929 1999 1131 2063 aemulatio“.

272 2100 374 2182 „Weil
397 2120 429 2162 es
452 2099 502 2162 ein
526 2103 694 2180 ungestiim
716 2099 803 2163 alten
826 2100 969 2184 schlages
984 2101 1048 2165 und
1070 2101 1157 2166 edler
1178 2098 1326 2163 ruhmes-

186 2205 260 2270 neid
283 2210 432 2286 war‘t7-
444 2202 563 2266 Narrat
577 2201 706 2265 Tacitus
728 2203 852 2284 legatos
869 2204 1057 2282 Frisiorum,
1081 2204 1213 2288 Pompei
1234 2202 1323 2268 thea-

186 2314 271 2372 trum
294 2307 465 2388 ingressos,
488 2325 558 2368 cum
583 2304 883 2371 animadvertissent
904 2307 1057 2390 quosdam
1081 2308 1167 2372 cultu
1191 2315 1321 2374 externo

187 2413 221 2476 in
245 2409 372 2474 sedibus
395 2413 577 2473 senatorum
599 2406 745 2472 sedentes
766 2429 901 2492 cumque
930 2410 1095 2474 audissent
1116 2432 1226 2476 earum
1249 2433 1323 2494 gen·
1403 2455 1406 2458 -

187 2515 266 2578 tium
290 2513 402 2595 legatis
424 2511 456 2575 id
486 2510 599 2574 honori
622 2509 746 2587 datum,
785 2532 867 2594 quae
890 2511 1007 2577 virtute
1036 2516 1069 2577 et
1097 2515 1239 2578 amicitia
1262 2515 1326 2578 Ro-

187 2636 283 2681 mana
306 2612 535 2698 praecellerent
556 2613 719 2695 degressos
741 2633 808 2677 esse
831 2621 864 2678 et
889 2614 974 2678 inter
1003 2622 1112 2698 patres
1133 2617 1327 2683 consedisse.

275 2716 388 2782 Annal.
411 2714 496 2794 XIV,
520 2715 613 2793 LXV,
638 2719 664 2777 2.
701 2715 840 2794 „Eodem
870 2737 955 2781 anno
982 2717 1168 2784 libertorum
1197 2720 1327 2804 potissi-

188 2843 256 2886 mos
279 2839 399 2883 veneno
421 2816 616 2880 interfecisse
639 2816 777 2882 creditus
807 2822 872 2896 est,
911 2819 1123 2904 Doriphorum
1147 2822 1238 2905 quasi
1268 2822 1329 2887 ad-

188 2930 349 2988 versatum
379 2919 498 3001 nuptiis
519 2917 701 3002 Poppaeae,
735 2918 914 2985 Pallantem
941 2923 1026 3004 quod
1055 2924 1242 2989 immensam
1270 2946 1328 3008 pe-

188 3026 314 3092 cuniam
337 3023 433 3104 longa
455 3026 583 3087 senecta
606 3022 791 3086 detineret‘.

273 3125 342 3190 Hoc
366 3131 414 3188 est
435 3124 615 3208 exemplum
648 3124 733 3208 quod
767 3126 958 3191 sententiam
987 3136 1130 3192 nostram
1162 3131 1328 3212 egregium

189 3233 221 3296 iu
242 3227 371 3294 modum
393 3225 551 3291 affirmare
573 3233 693 3311 potest,
729 3250 803 3293 nam
826 3229 898 3314 quis
923 3236 984 3308 est,
1022 3232 1078 3313 qui
1100 3229 1224 3296 dubitet
1245 3233 1327 3315 quin

189 3333 268 3399 illud
290 3330 423 3415 „quasi“
453 3329 487 3393 in
517 3330 619 3413 primo
649 3332 881 3398 enunciationis
908 3333 1048 3399 membro
1077 3336 1214 3418 positum
1237 3336 1326 3402 idern

189 3433 360 3520 significet,
383 3432 468 3516 quod
489 3433 648 3515 particula
670 3435 793 3517 „quod‘
816 3437 849 3500 in
872 3437 1019 3501 secundo.
1064 3437 1225 3504 Olwolfl.
1240 3440 1325 3507 Phil.

190 3537 306 3615 XXIV,
328 3555 379 3620 pg.
403 3538 472 3598 120.

277 3637 389 3703 Aunal.
413 3636 480 3713 XV,
504 3636 542 3716 X,
565 3641 593 3701 9.
625 3638 687 3716 „Et
714 3645 791 3704 tunc
812 3641 932 3706 relictis
959 3643 1099 3710 hibernis
1120 3667 1182 3710 non
1205 3647 1327 3716 fossam

190 3762 292 3826 neque
315 3738 433 3803 vallum
457 3739 529 3818 sibi,
561 3739 615 3804 sed
639 3761 772 3823 corpora
794 3748 827 3807 et
848 3764 939 3808 arma
959 3746 992 3809 in
1015 3747 1138 3812 hostem
1161 3750 1238 3814 data
1259 3752 1327 3816 cla-

190 3847 324 3922 mitans,
347 3842 439 3907 duxit
459 3841 598 3925 legiones
620 3846 711 3927 quasi
734 3846 854 3928 proelio
876 3855 1084 3915 certaturus“.

276 3947 323 4010 Ex
351 3944 436 4008 omni
459 3944 626 4010 verborum
655 3956 687 4010 et
715 3969 822 4012 rerum
853 3959 1003 4016 contextu
1033 3955 1236 4036 conspicuum
1266 3961 1327 4036 est,

191 4050 323 4115 Paetum
346 4044 564 4111 simulatorem
580 4070 641 4112 non
664 4050 760 4115 luisse
776 4052 831 4116 sed
853 4075 886 4117 re
903 4075 977 4118 vera
992 4076 1097 4119 secum
1114 4058 1328 4138 constituisse,

191 4158 228 4218 ut
250 4156 396 4216 certaret.
442 4149 642 4233 Propositum
666 4154 793 4236 quidem
816 4158 931 4221 amisso
954 4160 1140 4224 centurione
1162 4168 1194 4224 et
1215 4162 1329 4245 paucis

191 4253 344 4319 militibus
366 4251 407 4316 ad
429 4250 577 4318 effectum
598 4276 661 4320 non
683 4257 825 4322 adduxit,
1029 4265 1034 4277 ’
