2836 4814
699 296 739 358 23

236 480 297 545 Sed
320 485 390 544 erat
411 479 493 544 falsa
515 480 619 545 minae
642 482 778 563 speclea,
801 501 972 563 numquam
995 483 1080 546 enim
1102 482 1206 546 rediit.

239 609 351 673 Annal.
376 609 416 687 II,
440 610 584 687 LXVIII,
616 616 645 675 9.
680 610 775 691 „Mox
806 610 959 675 Remulus
990 617 1150 689 evocatus,
1187 613 1285 698 priori

152 711 315 775 custodiae
337 713 420 792 regis
441 711 620 796 adpositus,
650 713 740 795 quasi
761 733 818 796 per
847 713 928 777 iram
950 713 1055 794 gladio
1077 735 1147 778 eum
1171 715 1285 779 tranei-

152 815 228 897 git“.
272 814 346 893 „Als
368 814 407 879 ob
430 835 465 878 er
487 836 546 879 von
569 835 645 879 zorn
667 814 859 880 iibermannt
881 815 1013 881 werde“.

207 925 215 937 ’
237 917 380 982 Tacitum
403 939 467 982 non
490 917 676 995 credidisse,
713 922 877 982 evocatum
907 918 956 982 ira
978 924 1159 1003 superatum
1183 920 1286 984 Vono-

152 1041 223 1084 nem
244 1019 441 1085 interfecisse
463 1041 502 1083 ex
523 1020 627 1085 verbis
650 1039 731 1102 quae
760 1026 935 1103 sequuntur
962 1019 1100 1086 dilucide
1129 1025 1283 1105 apparet:

149 1122 253 1200 „unde
274 1122 377 1186 maior
392 1120 478 1206 ¹fides
500 1123 693 1187 couscientia
715 1121 841 1186 sceleris
864 1127 896 1186 et
910 1127 998 1186 metu
1019 1123 1129 1187 indicii
1150 1129 1283 1188 mortem

149 1224 274 1290 Vononi
294 1223 460 1289 inlatam“.

234 1325 348 1390 Annal.
373 1327 431 1405 lIl,
448 1327 564 1402 XXXI,
580 1331 608 1390 5.
631 1327 728 1406 „Eius
751 1327 828 1391 anni
850 1325 1005 1409 principio
1027 1326 1172 1391 Tiberius
1193 1327 1285 1410 quasi

147 1429 324 1494 firmandae
346 1428 521 1493 valetudini
542 1429 576 1493 in
600 1428 809 1512 Campaniam
829 1427 1013 1492 concessit‘.

234 1532 355 1608 „Unter
377 1532 448 1596 dem
471 1531 642 1614 vorgeben‚
664 1533 750 1596 scine
773 1530 969 1595 Gesundheit
991 1551 1029 1594 zu
1051 1529 1240 1611 kraitigen‘t

232 1635 294 1700 Sed
316 1635 434 1698 malam
457 1633 672 1697 valetudinem
701 1631 846 1698 obtentui
876 1632 969 1696 modo
999 1632 1108 1696 haberi
1131 1653 1169 1696 ex
1194 1632 1277 1697 addi·

149 1739 235 1803 tione
257 1739 439 1801 verborum:
479 1737 626 1818 „longam
659 1742 691 1800 et
712 1737 895 1801 continuam
927 1734 1103 1799 absentiam
1128 1735 1284 1819 paulatim

150 1840 325 1918 meditans,
362 1841 427 1904 sive
451 1845 487 1903 ut
509 1844 615 1902 amoto
637 1845 730 1922 patre
754 1839 875 1903 Drusus
898 1838 1007 1901 munia
1030 1837 1212 1902 consulatus
1236 1859 1284 1902 so-

148 1942 198 2007 lus
219 1943 395 2027 impleret“,
418 1941 620 2005 manifestum
644 1946 700 2004 est.

232 2072 345 2138 Annal.
362 2072 420 2151 Ill,
434 2072 530 2148 LXX,
547 2075 576 2135 1.
600 2071 655 2148 „L.
680 2070 816 2134 Ennium
840 2070 979 2152 equitem
1002 2069 1194 2145 Romanum,
1217 2091 1284 2134 1111-

146 2177 269 2241 iestatis
300 2175 512 2258 postulatum,
548 2172 633 2256 quod
668 2172 801 2256 effigiem
833 2171 987 2254 111111111
1016 2173 1207 2255 promiscum
1241 2172 1283 2237 ad

146 2301 236 2344 usum
261 2276 386 2360 argenti
408 2277 570 2353 vertisset,
593 2275 691 2360 recipi
706 2275 824 2339 Caesar
847 2273 931 2338 inter
952 2294 1023 2338 reos
1038 2273 1153 2350 vetuit,
1176 2274 1281 2358 1111111

146 2386 338 2464 aspernante
361 2380 452 2443 Ateio
476 2377 631 2462 Capitone
654 2379 745 2461 quasi
767 2397 824 2460 per
846 2375 1057 2440 libertatem“.

232 2483 309 2561 Quis
332 2482 474 2546 crederet
503 2480 662 2544 hominem
693 2478 732 2543 de
753 2499 815 2561 quo
838 2478 967 2542 Tacitus
988 2479 1021 2542 in
1045 2478 1184 2544 eiusdem
1208 2479 1280 2544 libri

148 2586 251 2670 capite
287 2584 398 2648 LXXV
429 2583 572 2667 scripsit:
610 2581 795 2665 „Capitonis
827 2580 1012 2664 obsequium
1044 2581 1280 2648 dominantibus

146 2688 248 2771 magis
270 2686 462 2771 probatur“;
496 2692 592 2768 atque
613 2685 645 2748 in
668 2684 771 2767 capite
795 2688 919 2748 nostro:
943 2683 1077 2767 „Capito
1100 2685 1281 2767 insignitior

143 2791 276 2854 infamia
298 2789 373 2866 fuit,
409 2788 494 2871 quod
516 2788 649 2851 humani
672 2786 847 2869 divinique,
884 2786 963 2850 iuris
992 2786 1093 2851 sciens
1117 2789 1278 2872 egregium

145 2893 304 2977 publicum
336 2900 369 2956 et
398 2891 497 2956 bonas
520 2890 604 2955 domi
635 2897 721 2954 artes
751 2888 1051 2966 dehonestavisset“,
1089 2910 1161 2955 vero
1184 2890 1280 2956 liber-

144 2997 221 3060 tatis
243 2995 347 3059 studio
370 3001 402 3058 et
424 3014 528 3058 amore
551 2998 588 3058 ut
614 2995 817 3076 impugnaret
838 2991 990 3075 principis
1009 2993 1199 3058 sententiam
1223 2994 1277 3060 ad-

143 3099 274 3163 ductum
295 3098 380 3162 esse!

228 3228 341 3296 11111.
365 3227 419 3304 IV,
442 3226 561 3303 XXIII,
587 3230 633 3289 12.
669 3223 772 3303 „Quia
794 3222 913 3287 Caesar
940 3227 1013 3304 post
1040 3244 1091 3288 res
1120 3245 1140 3289 a
1163 3224 1276 3290 Blaeso

141 3338 247 3416 gestas
269 3331 361 3415 quasi
383 3329 480 3393 nullis
503 3330 566 3392 iam
588 3329 622 3391 in
646 3325 753 3391 Africa
784 3323 941 3403 hostibus,
978 3328 1134 3408 reportari
1158 3351 1274 3396 nonam

142 3437 297 3520 legionem
319 3438 484 3498 iusserat“.

226 3539 302 3618 „Als
334 3536 374 3603 ob
405 3557 438 3600 es
471 3531 636 3598 1111111111
668 3530 760 3593 keine
791 3529 896 3594 feinde
929 3529 1019 3594 mehr
1051 3531 1160 3610 glibe‘t
1204 3537 1273 3615 Quo

141 3643 234 3708 modo
250 3663 300 3706 res
321 3661 355 3706 se
370 3637 519 3703 habuerit
533 3657 573 3701 ex
595 3633 654 3712 III,
677 3631 824 3710 LXXIV,
847 3631 1010 3712 discimus,
1033 3653 1094 3716 quo
1116 3634 1273 3703 1111111-

141 3750 246 3823 ratur,
267 3764 374 3826 regem
396 3739 647 3815 Tacfarinatem,
670 3734 770 3800 fratre
792 3734 860 3798 eius
882 3739 975 3818 capto
997 3755 1172 3815 regressum
1196 3761 1274 3824 esse,

140 3846 255 3912 relictis
270 3868 332 3929 per
353 3865 426 3928 quos
448 3849 620 3924 resurgeret
642 3839 775 3912 bellant,-
803 3836 903 3901 nihilo
926 3844 1031 3901 temen
1056 3839 1160 3904 minus
1181 3843 1272 3910 Tibe-

137 3952 220 4015 rium
240 3971 301 4032 pro
324 3949 462 4031 confecto
484 3945 517 4009 id
548 3944 793 4024 interpretatum
817 3938 929 4003 Blaeso
958 3939 1120 4023 tribuisse,
1156 3954 1193 4011 ut
1214 3950 1271 4013 im-

136 4059 267 4138 perator
290 4074 309 4115 a
332 4048 508 4132 legionibus
530 4045 733 4111 salutaretur.

226 4183 337 4247 annal.
362 4181 416 4257 IV,
438 4180 491 4257 LI,
517 4183 563 4242 14.
597 4177 749 4254 „Suorum
773 4176 869 4253 atque
898 4173 1038 4240 hostium
1058 4174 1216 4258 ignoratio
1238 4188 1271 4248 et

137 4288 253 4353 montis
275 4286 423 4352 anfractu
451 4302 654 4367 repercussae
675 4278 761 4343 velut
783 4293 918 4370 atergo
940 4302 1031 4349 voces
1053 4281 1132 4349 adeo
1154 4291 1270 4352 cuncta
