2836 4814
664 266 704 328 45

205 444 400 512 Adiectivum
432 452 652 532 ,supremum“
683 447 768 533 apud
791 448 936 513 Tacitum
967 449 1033 518 lere
1055 472 1179 538 semper
1207 453 1250 519 ad

119 552 253 611 mortem
275 549 427 632 pcrtinet;
456 549 516 614 hoc
538 555 645 615 autem
665 550 733 616 loco
762 550 843 614 nihil
864 550 953 616 aliud
975 552 1133 637 significat
1154 573 1250 637 quam

117 647 202 730 quod
225 649 327 714 solum
349 651 493 730 Batavis,
524 673 656 736 quorum
680 653 833 735 sanguine
859 657 892 716 et
914 652 1022 736 spoliis
1043 655 1197 740 praefecti
1217 662 1251 726 et

116 751 318 816 centuriones
339 774 372 818 se
394 755 612 838 expleverant,
630 755 776 819 relictum
799 759 885 819 crat:
909 754 1024 821 liberos
1045 764 1078 822 et
1102 757 1226 823 fratres.

200 853 282 919 Hist.
305 854 360 934 IV,
383 855 530 936 XXXIII,
553 861 582 921 8.
621 858 750 941 ,anue
779 856 866 921 velut
895 878 1030 924 censura
1059 860 1091 924 in
1114 859 1249 927 Sariole-

115 974 202 1018 mum
223 956 377 1021 Voculam
398 963 430 1022 et
446 958 581 1023 Nonium
600 960 764 1024 Attianum
787 964 820 1023 et
835 958 976 1024 Cestium
991 960 1140 1028 Severum
1161 982 1249 1029 accr-
1305 1033 1308 1041 ,

114 1056 193 1121 rime
214 1058 359 1125 incubuit
380 1064 459 1124 etc.“

76 1151 80 1162 ’
198 1160 276 1224 Voci
300 1167 472 1241 „censura“
494 1162 653 1246 particula
668 1162 780 1227 addita
794 1168 856 1242 est,
879 1164 1029 1247 quoniam
1045 1186 1116 1229 cum
1138 1165 1172 1229 in
1188 1152 1251 1232 usu*

113 1263 271 1327 communi
294 1265 431 1328 censoris
453 1265 556 1329 solum
588 1285 702 1330 munus
731 1265 940 1349 significaret,
977 1288 997 1333 a
1025 1267 1178 1351 scriptore
1200 1288 1247 1333 se-
1313 1253 1319 1259 “

111 1364 201 1427 notui
225 1365 381 1431 attributa
400 1372 458 1431 est.

195 1464 277 1529 Hist.
300 1468 353 1548 IV,
376 1468 558 1547 XXXXVI,
584 1474 630 1533 14.
663 1468 759 1548 „Illos
787 1469 908 1552 primns
937 1470 1043 1534 statim
1076 1470 1247 1555 adspectus

112 1566 379 1652 obstupefecerat,
401 1592 471 1635 cnm
494 1591 534 1633 ex
550 1570 673 1635 diverso
688 1571 775 1635 velut
789 1572 889 1635 aciem
911 1571 984 1636 telis
1005 1577 1038 1636 et
1059 1574 1157 1637 armis
1179 1578 1245 1639 tru-

111 1689 195 1747 cem,
218 1678 317 1737 semet
339 1673 462 1737 clausos
485 1671 649 1756 nudosque
671 1679 703 1738 et
723 1672 841 1738 inluvie
856 1671 1013 1738 deformes
1035 1675 1244 1759 aspicerent“.

194 1772 354 1840 Putabant
385 1775 419 1840 iu
451 1774 644 1840 deditionem
665 1775 788 1859 accepti
816 1795 848 1840 se
878 1775 1063 1841 imminente
1085 1777 1153 1851 acie
1184 1776 1244 1842 cir-

110 1873 285 1941 cumclusos
307 1897 389 1955 esse,
419 1877 519 1961 quod,
549 1884 586 1942 ut
607 1878 702 1961 paulo
725 1883 821 1942 antea
842 1876 972 1942 Tacitus
993 1880 1151 1957 narravit,
1174 1879 1243 1944 Mn·

108 1976 219 2042 cianus
241 1978 393 2044 suiacum
414 1980 591 2063 insignibus
606 1980 765 2063 armisque
780 1980 989 2045 constituerat
1003 1981 1155 2060 victores,
1177 2002 1242 2048 mo

107 2080 185 2145 dicis
216 2081 300 2145 inter
334 2101 367 2145 se
400 2082 512 2166 spatiis
540 2082 706 2161 discretos,
742 2102 805 2166 qna
834 2081 1041 2148 collocatione
1068 2083 1242 2150 similitudo

106 2183 186 2246 aciei
209 2189 279 2247 orta
301 2190 356 2248 est.
917 2248 921 2254 .

190 2284 272 2349 Hist.
296 2286 350 2365 IV,
367 2285 466 2363 LXII,
492 2290 538 2349 14.
564 2285 737 2367 „Revolsae
759 2284 986 2368 imperatorum
1009 2285 1172 2368 imagines,
1193 2285 1241 2350 in·

106 2386 227 2452 honora
248 2389 354 2468 signa,
376 2387 570 2470 fulgentibus
592 2387 760 2453 hincinde
783 2387 947 2452 Gallorum
968 2388 1107 2469 nexillis3
1143 2388 1240 2453 silens

107 2509 219 2571 agmen
241 2496 273 2552 et
295 2489 381 2554 velut
401 2490 515 2572 longae
538 2490 737 2574 exsequiae“.

190 2590 298 2656 Simile
320 2591 489 2659 deductum
519 2598 567 2657 est
595 2615 633 2657 ex
661 2591 786 2656 silentio
816 2592 942 2676 lugubri
963 2597 995 2658 et
1018 2592 1238 2676 expectatione

104 2694 255 2759 tristiore.
866 2770 868 2775 ,

188 2796 270 2862 Hist.
293 2797 330 2874 V,
353 2797 423 2876 VII,
447 2801 475 2862 6.
515 2797 615 2877 ,Nam
649 2802 764 2861 cuncta
793 2801 905 2881 sponte
938 2796 1024 2862 edita
1054 2801 1111 2860 aut
1140 2815 1237 2862 manu

104 2904 189 2978 sata,
211 2900 275 2962 sive
298 2897 398 2964 herba
420 2894 513 2964 tenus
534 2904 591 2965 aut
612 2898 689 2965 flore
713 2920 767 2964 seu
791 2898 922 2963 solidam
946 2899 978 2963 in
1002 2900 1138 2983 speciem
1159 2898 1237 2964 ado-

104 2999 222 3079 levere,
243 3000 350 3084 putria
372 3008 404 3065 et
425 3002 536 3068 inania
557 3003 644 3067 velut
665 3003 698 3066 in
720 3002 857 3066 cinerem
880 3005 1085 3066 vanescunt“.

188 3102 270 3167 Hist.
288 3102 324 3180 V,
340 3104 459 3182 XXIII,
475 3109 503 3169 6.
528 3104 708 3188 ,Spatium
730 3102 817 3168 velut
838 3103 984 3186 aequoris
1005 3103 1149 3182 electum,
1171 3125 1235 3189 quo

103 3207 210 3273 Mosae
231 3206 370 3271 fluminis
392 3226 427 3271 oe
448 3227 574 3272 omnem
596 3205 740 3271 Rhenum
763 3205 924 3270 Oceanum
945 3204 1123 3270 adfundit.“

185 3309 251 3375 Hos
274 3310 357 3375 locos
380 3331 419 3374 ex
444 3309 592 3374 Historiis
614 3309 811 3392 collegimus,
842 3307 957 3391 quibus
979 3307 1103 3387 ,velut“
1128 3327 1234 3373 merae

101 3412 330 3494 comparationi
345 3411 599 3495 mitigationiqne
614 3411 744 3476 audacis
759 3410 842 3474 vocis
856 3410 962 3475 servit.
984 3409 1125 3487 Quorum
1140 3408 1234 3474 multi

101 3518 167 3576 tam
190 3514 349 3596 conspicui
371 3521 478 3594 erant,
508 3519 543 3579 ut
564 3513 644 3577 nihil
666 3511 867 3592 haberemus,
891 3511 974 3596 quod
995 3510 1037 3575 ad
1059 3531 1112 3576 eos
1134 3512 1233 3596 expli·

99 3614 216 3679 candos
239 3615 436 3680 adderemus.
480 3617 572 3681 Nunc
593 3614 863 3698 transgrediamur
884 3614 926 3679 ad
948 3611 1097 3677 Annales.

184 3717 298 3781 Annal.
323 3717 347 3797 I,
370 3717 457 3796 VIII,
480 3722 530 3782 24.
566 3718 643 3798 ,Die
670 3718 790 3782 funeris
820 3715 936 3781 milites
958 3714 1045 3780 velut
1073 3714 1232 3798 praesidio

96 3823 243 3884 stetere“.
964 3884 965 3888 ,

184 3921 229 3984 Re
251 3941 326 3984 vera
347 3920 530 4005 praebuisse
553 3922 669 3986 milites
691 3942 760 3987 eam
783 3921 918 4007 speeiem
947 3924 1035 4003 patet
1057 3939 1096 3982 ex
1118 3917 1230 3998 sarbia,

97 4045 179 4107 quae
201 4029 391 4107 sequuntur:
417 4023 527 4103 „Nunc
548 4045 652 4089 senem
669 4024 844 4109 principem
865 4023 960 4108 longa
980 4021 1138 4105 potentia,
1158 4042 1229 4105 pro·

96 4127 171 4190 visis
193 4128 289 4190 etiam
310 4125 460 4190 heredum
485 4127 517 4189 in
539 4147 605 4190 rem
627 4126 786 4210 publicam
809 4126 934 4209 opibus,
971 4123 1090 4188 auxilio
1112 4121 1230 4186 scilicet

96 4231 227 4295 militari
249 4231 417 4309 tuendum,
439 4236 476 4293 ut
497 4228 661 4312 sepultura
683 4229 751 4293 eius
772 4230 881 4311 quieta
901 4227 1014 4291 foret“.
